3119 5013
2307 430 2311 435 ,
2413 347 2540 419 113

400 550 439 594 ι
446 531 495 593 ii
538 545 683 591 cum
723 506 958 605 interp.
1002 519 1191 583 Lion.
1229 509 1578 581 consensio
1621 505 1920 590 fidesque
1960 503 2241 577 Varroni
2270 503 2352 589 ab
2395 505 2544 589 ipso

401 645 611 716 aegre
663 624 905 689 habita.
991 622 1184 686 Haec
1243 618 1412 680 enim
1467 613 1579 679 ille
1621 608 1793 676 male
1835 588 2233 674 credulu'sl.·
2249 607 2292 672 l.
2332 592 2554 675 addit:

407 731 566 813 „Dii
597 730 851 816 magni
848 732 1028 791 sunt·
1073 723 1455 807 Jupiter,
1490 717 1737 794 June,
1776 713 2095 777 minen
2109 728 2184 791 a,
2227 711 2548 776 Mercu-

405 837 524 899 rin
546 854 602 913 s,
648 833 756 917 qui
784 833 1036 895 Romae
1063 826 1462 892 colebantur.
1506 819 1876 884 Penates
1918 835 1959 879 ι
1964 831 2075 878 ero
2104 757 2313 898 apud
2338 815 2556 879 Lau-

390 937 926 1003 rolatinium.
1028 929 1263 997 Unde
1315 928 1712 1011 apparet,
1776 937 1929 985 non
1992 936 2190 986 esse
2240 920 2549 983 unum.“

403 1042 667 1107 Rursus
709 1038 1070 1102 Varronem
1110 1034 1274 1099 Lai·
1261 1033 1428 1095 mios
1479 1026 1640 1090 deos
1683 1029 1961 1109 penates
2000 1011 2374 1104 habuisse,
2399 1024 2546 1108 ipse

405 1145 602 1207 testis
660 1145 793 1206 est
820 1139 899 1219 L.
935 1138 1012 1202 L.
1064 1135 1153 1214 V,
1174 1130 1336 1197 144.
1407 1127 1581 1194 Add.
1619 1129 1869 1208 interp.
1914 1124 2101 1199 Lion.
2149 1122 2236 1187 ad
2280 1124 2447 1188 Aen.
2494 1123 2550 1203 Ι,

356 1214 551 1314 ζ378.
573 1243 788 1310 sem
832 1239 1027 1304 adA.
1059 1181 1181 1317 ni,
1226 1235 1370 1300 146.
1417 1229 1640 1305 schol.
1676 1222 1918 1294 veron.
1950 1225 2034 1290 ad
2066 1206 2240 1295 men,
2268 1226 2355 1308 ιι,
2375 1229 2544 1323 7ι7
2595 1242 2650 1334 *¹

401 1346 637 1431 ltaque
673 1351 746 1410 ut
788 1342 1057 1408 eosdem
1081 1340 1368 1425 Magnos
1395 1336 1604 1414 DeOS,
1643 1333 1935 1396 sortasse
1966 1331 2237 1395 Terram
2274 1337 2340 1423 et
2369 1309 2551 1396 Ooe-
2605 1384 2618 1399 .

401 1449 535 1513 lum
579 1447 1100 1524 existimaverit
1158 1440 1541 1505 necessario
1588 1435 1888 1499 efficitur.
1961 1431 2218 1498 Contra
2264 1436 2370 1518 qui
2401 1435 2550 1502 Ro-÷
2667 1452 2676 1457 “

404 1569 554 1615 mae
615 1552 684 1614 in
724 1549 917 1615 Velia
972 1549 1282 1630 separato
1336 1539 1574 1624 templo
1631 1537 1782 1603 culti
1841 1541 2031 1609 sunt,
2088 1516 2210 1601 hos
2254 1536 2547 1607 Penates
2659 1600 2674 1610 .

293 1669 300 1676 ·
404 1655 492 1719 ab
535 1638 769 1718 Aenea
812 1650 1045 1717 allatos
1083 1666 1211 1712 non
1256 1643 1626 1710 credidisse
1668 1658 1817 1703 eum
1862 1639 2000 1704 coll.
2046 1640 2121 1704 L.
2161 1640 2235 1704 L.
2266 1641 2352 1717 V,
2399 1641 2547 1723 144,
2596 1666 2600 1671 ·

403 1756 516 1819 'ubi
584 1754 903 1820 Lavinius
970 1754 1312 1814 nostros
1384 1748 1772 1829 penates.
1816 1738 2135 1824 appellat,
2198 1746 2403 1845 patet.
2461 1777 2549 1805 -—

406 1857 593 1938 Quos
637 1863 856 1921 tamen
900 1856 1083 1937 ipsos
1129 1844 1853 1937 MagnorumDeorum
1892 1859 2160 1906 numero
2203 1842 2550 1908 adscribe-

405 1977 483 2023 re
540 1976 756 2042 aeque
808 1958 1049 2041 potuit,
1092 1949 1445 2037 'siquidem
1483 1947 1717 2013 ltaliae
1773 1951 1844 2010 et.
1881 1946 2074 2010 Latio
2116 1963 2262 2012 cum
2301 1944 2547 2012 Samo-

405 2060 663 2126 thracia
707 2062 902 2124 etiam
948 2058 1095 2121 aliis
1138 2057 1267 2121 viis
1314 2052 1767 2131 commercium
1811 2050 2284 2113 intercessisse
2322 2067 2364 2113 a
2396 2053 2547 2134 qui-⁹
2663 2048 2672 2055 ’

405 2163 685 2230 busdam
747 2159 1059 2227 creditum
1124 2154 1708 2222 animadvertimus
1753 2151 1968 2231 (ccc.
2024 2151 2157 2230 14).
2244 2151 2389 2216 Nos
2436 2159 2548 2216 ta..

292 2270 295 2273 ’
398 2285 558 2334 men
598 2273 669 2330 ut
705 2264 1025 2331 Lavinios
1064 2252 1345 2346 penates
1387 2257 1754 2322 Dioscuros
1798 2259 1910 2317 aut
1948 2252 2297 2318 Dioscuris
2337 2256 2545 2320 simil-
2589 2304 2600 2327 ‚‚

398 2369 570 2432 lima
619 2367 882 2428 numina
934 2364 1146 2426 fuisse
1209 2374 1604 2425 censeamus
1649 2354 1887 2418 nummi
1927 2354 2174 2439 faciunt
2215 2357 2307 2419 in·
2324 2374 2547 2421 eorum
2635 2416 2644 2429 ,

413 2468 689 2555 figuram
747 2466 1071 2551 percussi.
1175 2463 1320 2529 Hos
1381 2462 1549 2525 enim
1609 2476 1728 2523 eos
1779 2473 1975 2544 esse,
2029 2456 2247 2541 quiin
2290 2477 2543 2526 nummo
2655 2476 2660 2481 ·

415 2572 642 2659 gentis
685 2569 930 2633 Antiae
976 2567 1260 2648 (Morell.
1302 2567 1483 2630 Fam.
1513 2564 1700 2628 Rom.
1745 2580 1805 2623 ιι.
1834 2560 1935 2639 2.)
1984 2544 2303 2644 capitibus
2347 2564 2548 2651 iuga-

412 2675 504 2738 tis
560 2677 628 2735 et
676 2670 992 2733 laureatis
1053 2667 1534 2749 conspiciuntur
1595 2663 1767 2745 „Dei
1823 2655 2171 2726 Penates“t
2202 2665 2564 2751 inscripto,·¹
2608 2703 2617 2720 .

411 2774 590 2837 item
607 2772 670 2834 in
709 2769 836 2833 alio
877 2769 1101 2856 gentis
1144 2767 1459 2829 Fonteiae
1501 2764 1709 2828 literis
1742 2762 1814 2827 P.
1852 2761 1925 2826 P.
1966 2769 2033 2827 et
2059 2762 2396 2848 Sulpiciae
2445 2770 2547 2834 sic

410 2867 676 2963 signato
733 2872 817 2937 D.
872 2870 945 2935 P.
1004 2869 1080 2934 P.
1097 2916 1119 2951 ,
1189 2859 1445 2934 certum
1490 2874 1615 2932 est.
1701 2865 2020 2932 Eiusdem
2074 2868 2239 2931 enim
2300 2888 2384 2939 at
2389 2888 2545 2936 ersa

392 2997 573 3074 „pars
620 2974 888 3040 exbibet
933 2974 1118 3038 sueni
1153 2973 1499 3037 Laviniam
1547 2965 1690 3036 cum
1734 2972 2003 3058 triginta
2028 2972 2328 3058 porculis.
2419 2973 2550 3056 Qui

411 3085 630 3141 tamen
676 3095 821 3139 cum
864 3073 1238 3161 Borghesio
1280 3073 1442 3137 Dec.
1487 3073 1780 3136 numism.
1824 3074 1887 3152 6,
1926 3092 1989 3135 n.
2019 3072 2081 3136 ⁷.
2109 3091 2228 3137 eas
2255 3075 2545 3145 litteras
2531 3082 2572 3116 ·‘

412 3178 567 3243 Diis
625 3160 985 3241 Penatibus
1042 3176 1482 3242 Praestitibus
1555 3176 2101 3257 interpretantur,
2177 3182 2285 3241 ut
2301 3178 2543 3244 Furla..

350 3281 644 3343 Qnettus
695 3276 783 3340 ad
835 3276 1109 3341 Forcell.
1168 3276 1369 3341 Thes.-
1387 3324 1408 3357 ,
1478 3275 1583 3339 cui
1643 3272 1810 3338 hane
1861 3275 2154 3337 notitiam
2207 3273 2544 3363 debemuS,

413 3379 772 3446 inauditam
824 3382 1162 3444 commenti
1225 3379 1757 3463 compositionem
1802 3377 1994 3441 simili
2036 3396 2178 3442 cum
2217 3373 2437 3465 Diony
2441 3385 2543 3451 sio

415 3495 642 3548 errore
709 3482 879 3565 lapsi
947 3489 1117 3547 sunt.
1212 3484 1429 3557 Lares
1497 3482 1669 3543 enim
1723 3479 2210 3545 Praestites
2267 3484 2542 3569 Romae,

400 3583 781 3650 ‘Penates
808 3582 1285 3647 Praestites
1324 3598 1643 3664 nusquam
1668 3580 1941 3667 suerunt.
2021 3574 2166 3646 Nec
2194 3581 2543 3669 quidquam

411 3688 754 3774 proficiunt
795 3685 882 3750 ad
924 3686 1150 3751 Aurel.
1183 3687 1353 3751 Vict.
1397 3684 1480 3748 de
1523 3687 1687 3773 orig.
1732 3692 1909 3776 gent.
1954 3686 2138 3750 Rom.
2183 3705 2238 3751 c.
2274 3690 2355 3752 13
2382 3709 2546 3773 pro-

314 3857 329 3862 ,
413 3795 749 3856 vocantes.
835 3786 1015 3852 Nihil
1052 3790 1220 3852 enim
1259 3789 1390 3853 illic
1427 3788 1704 3875 legitur,
1764 3789 1893 3851 nisi
1937 3795 2090 3852 nota
2136 3788 2219 3852 de
2260 3791 2548 3875 scropha¹

320 3881 327 3892 ⁸
415 3891 672 3957 Albana
739 3891 995 3971 sabula,
1065 3889 1293 3974 addita
1331 3892 1741 3984 *inconcinna
1795 3891 2137 3968 Penatium
2193 3896 2538 3961 mentione.

419 3991 768 4057 Caeterum
824 4000 1005 4059 totus
1067 3991 1174 4059 hi‘c
1230 3995 1499 4080 pessimi
1555 3996 1896 4077 scriptoris
1938 3994 2120 4059 locus
2165 3995 2539 4064 mendosus.

412 4092 652 4179 Itaque
697 4094 966 4170 litterae·
1008 4096 1248 4160 nummi
1290 4085 1435 4161 aut.
1473 4097 1626 4166 Diis
1680 4096 2039 4164 Penatibus
2068 4096 2369 4163 vPublicis
2410 4118 2540 4165 ex·-

411 4198 794 4287 plicandae,
850 4209 966 4267 aut
1007 4200 1625 4287 quomodocunque,
1671 4199 1820 4264 dum
1847 4208 1948 4265 ne
1982 4201 2378 4267 Praestitum
2416 4225 2543 4271 no·-

409 4321 563 4371 men
603 4304 962 4371 Penatibus
1005 4324 1276 4389 prorsus
1317 4303 1598 4369 alienum
1619 4304 1869 4368 :invitis
1907 4302 2036 4370 diis
2073 4305 2452 4372 inculcetur.
2537 4369 2545 4378 ,
