3119 5013
651 435 779 502 10⁰

650 582 1028 667 auditisque
1074 602 1238 666 quos
1285 599 1486 667 supra
1530 582 1877 647 citavimus
1924 580 2258 661 teslibus,⁴
2291 582 2620 644 revocatis
2668 581 2800 646 de-

650 686 846 773 nique
890 691 1044 749 ante
1088 687 1323 749 mentis
1357 678 1824 769 quodammodo
1872 686 2078 749 aciem
2107 686 2385 749 Romani
2431 686 2576 767 fori,
2622 708 2798 772 qna-

649 788 750 854 les
814 795 965 872 post
1022 795 1245 854 tantas
1308 790 1717 852 saeculorum
1773 789 1997 852 ruinas
2059 787 2383 873 refingele
2442 794 2795 877 per-egiino
2872 789 2880 797 ’

652 900 717 955 et
761 891 1021 957 absenti
1069 890 1259 969 licet,
1307 890 1668 990 qualesque
1707 890 1898 954 nobis
1941 907 2201 972 semper
2243 890 2321 952 ob
2373 891 2596 955 oculos
2635 913 2793 958 xer·

652 996 788 1058 sati
833 980 1286 1072 sunt‚s1nibus
1325 1000 1393 1058 et
1434 996 1597 1057 situ:
1642 992 1926 1076 Superbi
1972 988 2251 1073 domus,
2271 995 2333 1055 si
2373 999 2593 1058 tamen
2628 1015 2785 1061 con-

549 1161 562 1174 ,
654 1104 758 1163 tra
812 1097 1005 1161 Joxis
1076 1095 1363 1161 Statoris
1428 1096 1662 1161 aedem
1721 1099 1941 1180 posita
1995 1096 2235 1160 fuisset
2291 1098 2428 1176 „in
2488 1117 2791 1164 summ-

656 1214 906 1261 sacra
950 1197 1086 1259 via
1130 1195 1229 1258 ad
1273 1196 1694 1260 Palatium
1733 1192 2350 1275 tendentibus“,
2393 1214 2536 1260 eam
2578 1201 2793 1281 ipsam

657 1297 939 1371 domum¹
972 1297 1221 1379 fuisse,
1271 1301 1456 1364 cuius
1505 1315 1763 1379 aream,
1828 1299 1938 1377 „in
1997 1298 2211 1362 infimo
2275 1298 2439 1362 clivo
2495 1300 2792 1371 Palatino.

657 1402 806 1464 sub
870 1399 1113 1463 Velia
1168 1403 1379 1464 ¹situ'm
1435 1400 1722 1484 Populus
1785 1384 2122 1473 Romanus
2191 1407 2342 1485 post
2411 1400 2650 1493 dirutas
2716 1407 2780 1468 in

657 1516 959 1562 summa
1002 1499 1241 1567 Velia
1280 1499 1487 1564 aedes
1535 1501 1791 1564 civibus
1829 1508 2180 1583 suspectas
2220 1498 2535 1583 dedisset,
2574 1520 2783 1587 appa-

654 1601 802 1664 ruit.
901 1599 1020 1666 Sic
1064 1604 1231 1666 enim
1261 1603 1406 1665 eius
1441 1599 1670 1664 domus
1702 1602 1898 1673 situm
1937 1597 2313 1666 describunt
2349 1603 2494 1665 Lis
2477 1597 2583 1665 11'1s
2609 1601 2697 1684 ll,
2724 1605 2790 1669 ¹2.

644 1674 935 1786 Diodys.
993 1703 1286 1785 Ha1.v,
1330 1704 1428 1766 19
1485 1703 1654 1767 Plut
1713 1703 1900 1768 Publ.
1952 1703 2053 1767 ιο
2109 1705 2169 1768 ι
2176 1722 2323 1769 arro
2379 1723 2483 1790 ap.
2547 1708 2790 1772 Ascon.
2825 1777 2836 1795 .

654 1803 743 1867 ad
790 1804 930 1870 Cic.
972 1806 1109 1869 Pis.
1144 1805 1255 1868 22.
1343 1806 1408 1870 A
1453 1807 1688 1890 quibus
1724 1826 1893 1870 unus
1937 1805 2357 1875 Declamator
2400 1806 2483 1872 de
2524 1804 2791 1896 har-usp.

596 1937 602 1943 ·
655 1911 999 1993 responsis
1053 1908 1275 2011 85316.
1340 1908 1700 1974 dissentire
1767 1908 2224 1992 videtursqui
2283 1911 2362 1973 ob
2430 1910 2494 1973 id
2556 1915 2796 1997 ipsum,

656 2012 788 2075 nisi
828 2013 958 2076 iam
1004 2015 1340 2077 convictus
1386 2019 1608 2092 esset,
1653 2011 1930 2084 νοθείας
1972 2009 2351 2095 arguendus
2397 2018 2626 2074 contra
2686 2017 2796 2078 le·-

656 2115 951 2202 gitimum
996 2113 1254 2179 dicendi
1298 2133 1486 2176 usum
1528 2122 1659 2176 non
1701 2114 1869 2174 satis
1914 2117 2218 2172 accurate
2259 2109 2369 2188 „in
2401 2108 2639 2173 Velia“
2673 2135 2790 2196 pro

657 2215 789 2298 „ad
833 2217 1129 2282 Veliam“
1172 2215 1277 2278 vel
1321 2214 1537 2295 „infra
1579 2211 1879 2277 Veliam“
1922 2211 2183 2292 scribit3
2224 2208 2399 2274 unde
2437 2226 2618 2274 error
2656 2233 2787 2277 na-

580 2303 599 2323 ’
660 2325 767 2384 tus
813 2336 854 2383 a
895 2320 1058 2382 viris
1107 2316 1316 2383 doctis
1363 2310 1448 2381 ad
1489 2313 2019 2399 unumomnibus
2081 2314 2175 2377 ita
2220 2319 2654 2397 propagatus,
2712 2323 2784 2380 ut

660 2425 781 2505 „in
828 2421 1072 2508 Velia“
1117 2426 1185 2484 et
1227 2419 1409 2508 „sub
1454 2417 1702 2481 Velia“
1767 2434 1821 2479 s.
1862 2414 2095 2496 „infra
2139 2414 2394 2477 Veliam
2412 2416 2453 2449 ‘⁶
2509 2415 2786 2484 eandem

662 2512 821 2611 esse
849 2527 1183 2612 regionem
1212 2517 1576 2613 crederent,
1621 2540 1814 2604 quum
1842 2520 2075 2584 Livius
2106 2517 2228 2582 hoc
2254 2520 2508 2586 nomine
2537 2525 2789 2583 utrum-

664 2629 1041 2722 que-[locum
1087 2627 1441 2706 discernat,
1482 2631 1556 2689 ut
1591 2624 1906 2704 altiorem,
1948 2624 2058 2686 ubi
2096 2624 2277 2706 prius
2319 2621 2620 2685 Valerius
2665 2640 2802 2694 ae-e.

665 2730 1081 2811 dificaverat,
1136 2734 1247 2813 „in
1291 2746 1541 2805 summa
1595 2727 1860 2804 Velia“,
1908 2725 2206 2789 alterum>
2235 2724 2448 2804 „infra
2491 2725 2779 2788 Veliam“

664 2832 984 2916 appellet,
1049 2831 1413 2913 Dionysius
1470 2833 1688 2891 autem
1757 2828 2035 2910 priorem
2089 2823 2297 2887 locum
2351 2825 2789 2887 imminentem

582 2957 591 2966 ·
662 2932 803 2995 foro
848 2922 923 3010 (υ
944 2950 1489 3014 περκειμενον
1530 2927 1649 3011 τῆς
1661 2918 1923 3010 ἀγορᾶς
1963 2916 2289 3006 ὑψηλὸν
2337 2917 2644 2993 ἐῑτιεικιῦς
2671 2922 2787 2984 καὶ

665 3028 1027 3118 περίτομον
1086 3053 1160 3092 ον
1216 3028 1524 3108 κα)οῦσιν
1577 3022 1646 3090 E
1659 3022 1881 3105 λιαν)
1938 3023 2116 3088 dicat
2172 3024 2312 3102 (cui
2364 3023 2785 3088 consentiens

663 3132 1089 3202 Plutarchus:
1127 3130 1265 3196 Καὶ
1307 3129 1430 3218 γὰρ
1476 3122 1679 3205 όντως
1730 3120 1848 3191 01³2.
1892 3118 2048 3210 ᾤκει
2090 3116 2597 3216 τραγικώτερον,
2643 3119 2790 3188 ἐπι

582 3291 591 3300 .
664 3233 782 3324 τὴν
852 3234 1254 3319 καλουμένην
1299 3228 1609 3311 Οὐελίαν,
1686 3211 1901 3295 οικιάν
1951 3223 2637 3312 ἐπικρεμαμένην
2695 3228 2790 3312 τῇ

662 3329 971 3424 ἀγορᾷ,
1025 3332 1138 3400 καὶ
1190 3334 1590 3418 καθορῶσαν
1641 3327 1726 3406 ἐξ
1764 3323 2059 3406 ὕψους
2088 3321 2351 3388 ἅπανια
2409 3317 2787 3409 δυσπρόσο-
2861 3407 2868 3410 „

668 3440 844 3523 δον),
888 3440 1159 3505 alterum
1188 3446 1403 3503 autem
1447 3438 1808 3501 subiectum
1839 3432 1985 3497 colli
2030 3434 2124 3496 ita
2166 3428 2521 3509 describat,
2556 3436 2629 3494 ut
2672 3450 2782 3514 pro

667 3543 974 3606 concione
1016 3539 1412 3606 Publicolam
1448 3537 1779 3604 *dicentem
1821 3534 2063 3612 faciat,
2109 3533 2248 3597 iam
2303 3532 2532 3615 populo
2592 3529 2776 3595 deor-

671 3663 816 3708 sum
857 3641 1181 3727 lapidibus
1224 3649 1452 3725 petere
1498 3656 1599 3720 se,
1633 3641 1702 3704 si
1747 3636 1902 3721 quid
1954 3635 2419 3700 commissurus
2465 3629 2779 3711 videatur,
2819 3629 2822 3632 ’

666 3748 890 3818 licere.
933 3745 1033 3814 Cf.
1076 3753 1422 3830 praeterea
1479 3745 1625 3808 infr.
1683 3762 1825 3828 cap.
1874 3742 1966 3808 18.
2052 3743 2200 3808 Nec
2262 3723 2441 3804 certe
2483 3740 2787 3803 Valerius

667 3835 779 3915 nbi
821 3849 1016 3913 vellet
1060 3847 1410 3912 aedificare
1452 3847 1697 3930 potuit,
1753 3862 1876 3908 nec
1919 3844 2195 3928 populus
2250 3842 2312 3903 ei
2354 3857 2572 3903 aream
2628 3859 2792 3906 con-

669 3950 908 4018 cedere
950 3952 1077 4014 nisi
1120 3950 1259 4014 loco
1300 3948 1552 4033 publico
1582 3983 1664 3995 --
1691 3944 2084 4030 publicas
2116 3948 2329 4006 autem
2376 3937 2632 4006 aedes
2664 3941 2812 4006 da-'

667 4062 776 4121 tas
834 4054 1044 4119 Varro
1101 4051 1140 4118 l.
1199 4051 1238 4115 l.
1299 4054 1430 4130 ait,
1504 4048 1733 4133 quales
1807 4043 2017 4131 pulsis
2085 4043 2357 4127 regibus
2418 4043 2792 4127 Tarqui-

668 4160 984 4222 niorum
1027 4149 1259 4220 domus
1300 4159 1365 4217 et
1409 4155 1555 4239 agri
1601 4152 1789 4222 facta
1833 4152 1985 4211 sunt
2028 4144 2149 4223 (cf.
2193 4145 2339 4210 Liv.
2382 4144 2480 4226 ΙΙ,
2512 4145 2573 4209 5.
2618 4145 2792 4209 Dio-

673 4276 822 4339 nyS.
866 4258 966 4336 V,
1008 4257 1174 4335 13.].
1260 4256 1431 4319 Hinc
1475 4258 1694 4330 antem
1737 4266 1866 4314 non
1908 4245 2081 4309 levis
2135 4246 2421 4311 calculus
2468 4243 2792 4308 accedere

672 4357 979 4428 videatur
1025 4354 1344 4446 egregiae
1393 4356 1625 4420 summi
1646 4347 1987 4419 Niebuhrii
2037 4351 2472 4426 coniecturae,
2517 4346 2623 4428 qui
2663 4342 2785 4421 (H.
