3119 5013
402 396 689 493 sio*

543 558 915 633 accuratius
959 553 1148 631 nobis
1193 548 1573 626 describere
1610 557 1847 637 liceat,
1905 559 2125 626 efficit.
2212 559 2383 624 Nam
2409 557 2674 624 Festus

542 669 784 756 11238.
830 666 1126 733 Lindem.
1169 664 1492 748 „Sacram
1534 661 1725 729 Viam
1773 661 2034 749 quidam
2057 651 2471 748 'appellatan‘i
2518 678 2678 729 esse

545 765 949 851 existimant,
992 767 1162 853 quod
1189 770 1253 831 in
1283 764 1629 832 casnedus
1667 767 1864 831 ictum
1885 766 1995 851 -sit
2031 768 2203 851 inter
2229 754 2574 828 Romulum
2607 768 2677 828 et

541 874 801 939 Tatium
818 869 1123 956 ,quidam
1152 866 1324 953 quod
1353 885 1431 933 eo
1459 868 1697 932 itinere
1716 864 1981 931 utantur
2007 862 2393 933 sacerdotes
2408 863 2676 929 idulium
2706 909 2716 917 ,

544 971 878 1038 sacrorum
894 966 1433 1037 conficiendorum
1451 983 1690 1049 causa3
1717 967 1939 1061 itaque
1967 981 2052 1029 ne
2083 969 2361 1028 eatenus
2391 960 2679 1048 quidem,

540 1081 627 1141 ut
669 1074 968 1161 vulgus
1014 1073 1451 1156 opinatur,
1491 1064 1691 1133 'sacra
1734 1062 2126 1152 appellanda
2166 1073 2275 1132 est
2332 1085 2375 1130 a
2430 1067 2676 1153 regia

541 1177 642 1245 ad
690 1178 997 1245 domum
1038 1176 1305 1263 Regis
1351 1170 1870 1253 sacrificuli,
1912 1169 2036 1236 sed
2078 1172 2276 1235 etiam
2317 1188 2358 1232 a
2400 1170 2672 1257 Regis

542 1283 769 1350 domo
815 1279 899 1344 ad
937 1276 1346 1343 sacellum
1389 1275 1812 1357 Streniae,
1857 1281 1924 1340 et
1949 1295 2183 1338 rursus
2228 1291 2270 1337 a
2302 1273 2521 1358 Regia
2550 1292 2671 1334 us-

526 1400 670 1468 ·que
712 1384 779 1472 in
825 1370 1131 1445 Arcem.“
1215 1376 1344 1441 His
1389 1378 1558 1440 enim
1600 1377 1765 1441 locis
1796 1375 2171 1458 compositis
2217 1372 2559 1458 apparebit
2594 1369 2666 1436 id

526 1484 716 1572 'quod
762 1486 961 1549 etiam
1002 1482 1387 1547 Bunsenius
1422 1479 1801 1565 perspexit,
1860 1475 2164 1543 domum
2227 1477 2464 1563 regis
2525 1491 2665 1538 sa-

546 1588 712 1654 cris
719 1585 919 1651 iculi
963 1585 1242 1668 positam
1285 1582 1499 1646 fuisse
1549 1583 1615 1646 in
1661 1566 1875 1645 infimo
1925 1580 2093 1645 clivo
2140 1596 2331 1644 sacro
2376 1576 2439 1641 h.
2486 1593 2542 1639 e.
2582 1574 2671 1640 ad

436 1772 437 1775 Ἴ
542 1696 871 1777 portam
911 1687 1416 1774 Mugoniam,
1459 1687 1527 1752 in
1570 1681 1845 1752 Summa.
1879 1680 2097 1748 Sacra
2135 1681 2411 1747 viasub
2455 1679 2668 1744 Velia.

544 1792 900 1876 Qui‘quum
934 1787 1120 1865 idem'
1149 1784 1572 1869 demonstret,
1615 1783 1787 1872 quod
1832 1804 1985 1851 mox
2027 1785 2175 1851 aliis
2221 1786 2416 1849 etiam
2461 1800 2672 1868 argu-

538 1896 778 1985 mentis
822 1891 1372 1971 confirmabimuS,
1432 1891 1689 1955 Vestae
1730 1888 2036 1973 templum
2080 1894 2149 1952 et
2182 1887 2465 1972 Regiam
2508 1902 2671 1967 pro-

537 2003 684 2088 pius
741 1998 1071 2082 (proxime
1134 1991 1446 2072 dixerim]
1496 1991 1902 2078 Capitolium.
1927 1993 2074 2054 -sita
2127 1989 2375 2064 fuisse,
2431 1985 2665 2049 collato

476 2092 493 2119 Ἰ
539 2103 757 2169 Dion'e
802 2099 1014 2181 (LIV,
1052 2097 1219 2176 22),
1255 2098 1364 2180 qui
1408 2095 1493 2158 de
1536 2097 1842 2180 Augusto
1881 2091 2196 2155 Pontifice
2238 2106 2412 2152 max.
2454 2086 2662 2150 facto:

538 2198 674 2272 οὒτ’
723 2195 1109 2267 οἷκίαντινὰ
1153 2192 1475 2282 δημοσίαν
1514 2189 1750 2273 ἔλαβεν
1795 2184 1966 2253 ἀλλὰ
2007 2187 2211 2273 μέρος
2246 2210 2313 2251 τι
2340 2188 2459 2271 τῆς
2496 2179 2659 2247 ἑαυ-

535 2307 676 2390 τοῦ,
722 2301 836 2375 ὅτι,
852 2299 965 2367 τὸν
1005 2293 1358 2387 ἀρχιέρεων
1395 2292 1462 2360 ἐν
1494 2284 2216 2381 κοινῷπᾶντωςεοῖκεῖν.
2257 2285 2471 2374 ἐχρῆν,
2501 2281 2656 2371 ἐδή-λ

535 2421 736 2494 μωσε.
781 2402 899 2492 τῆν’
923 2399 1312 2487 μέντόιτοῢ
1337 2393 1746 2481 βασιλέως
1772 2394 1941 2456 «τῶν
1988 2386 2227 2478 ἱερῶν
2265 2392 2456 2464 ταῖς
2483 2380 2659 2467 ἄει-

535 2508 1017 2600 παρθένοις
1063 2498 1334 2580 ἔδωκεν,
1391 2493 1624 2584 ἐπειδή
1690 2489 2346 2578 ὃμότοιχοςταῖς
2405 2482 2662 2574 οἰκήσε-

535 2636 639 2680 σιν
684 2604 903 2677 αὐτῶν
932 2598 1041 2693 ἦν.
1084 2641 1172 2652 --
1214 2604 1525 2691 colligere
1563 2598 1865 2679 debebat,
1907 2596 2218 2661 nullum
2261 2595 2515 2659 'omnino
2556 2594 2669 2657 in-

534 2725 638 2784 ter
666 2716 919 2781 Vestae
962 2703 1266 2793 templum
1300 2712 1368 2788 et
1410 2711 1661 2789 portam
1689 2702 2069 2790 Mugoniam
2090 2699 2305 2764 locum
2329 2698 2665 2784 interesse

534 2818 870 2905 potuisse,
927 2811 1038 2893 qui
1080 2807 1312 2888 domus
1350 2804 1498 2888 illas
1543 2801 1920 2889 singillatim
1978 2801 2547 2873 commemoratas,
2601 2796 2663 2857 si

540 2919 939 2986 diversae
983 2913 1153 2974 inter
1198 2903 1277 2970 se'
1321 2906 1639 2984 fuissent,
1704 2905 2013 2987 cepisset.
2101 2898 2330 2982 Itaque
2375 2902 2442 2960 et
2481 2889 2661 2958 Tar-‘

538 3019 898 3105 quiniorum
957 3016 1026 3077 et
1061 3009 1312 3076 Valerii
1381 3014 1448 3072 et
1502 3006 1850 3071 sacrificuli
1893 3004 2077 3091 regis
2116 2999 2339 3067 aedes
2385 2994 2658 3062 eaedem·

475 3113 485 3124 ‘
535 3124 821 3189 fuissent
867 3111 1151 3181 necesse
1187 3127 1385 3178 esserr
1454 3107 1596 3176 Sed
1654 3109 1824 3173 falso
1878 3106 2213 3190 accipi-et
2251 3100 2472 3186 vulgo
2505 3105 2661 3162 eta
2741 3109 2744 3114 ·

536 3218 1073 3292 Bunsenio-hunc
1111 3217 1317 3282 locum
1346 3219 1592 3278 certum
1637 3216 1758 3274 est.
1843 3208 2127 3272 Primum
2171 3207 2461 3268 enim‘ea
2496 3219 2661 3266 con-

536 3331 793 3394 iectura
831 3343 993 3409 opus
1036 3326 1258 3402 esset,
1298 3323 1369 3382 ut
1398 3316 1747 3401 Augustus
1784 3309 2113 3388 PontifeX,
2151 3308 2449 3393 Regiae,
2492 3322 2662 3387 quae

538 3430 799 3517 proprie
856 3426 1066 3509 ipsius
1113 3425 1299 3485 esset
1344 3417 1597 3492 domuS,
1645 3409 1835 3499 'Regi
1898 3409 2261 3476 sacrificulo
2319 3411 2664 3486 concessa,

537 3540 674 3599 tum
710 3514 963 3594 denium
1009 3523 1199 3587 huius
1244 3519 1494 3583 domum
1523 3515 1909 3580 Vestalibus
1956 3511 2364 3578 tradidisset.
2457 3507 2660 3574 Cuius
2713 3543 2716 3548 -

537 3623 1176 3716 reiapudBionem>
1211 3622 1384 3686 nulla
1427 3620 1684 3683 mentio.
1774 3614 1961 3697 Quod
2001 3623 2215 3680 autem
2243 3614 2663 3698 potissimum

540 3742 677 3800 est:
723 3733 785 3794 si
829 3727 1224 3794 contermina
1268 3721 1377 3786 vel
1416 3709 1582 3783 adeo
1612 3718 1919 3803 contigua
1962 3707 2375 3797 (ὁμότοιχος)
2416 3711 2506 3774 illi
2535 3708 2662 3773 do-
2737 3744 2742 3747 e

537 3839 670 3905 mui
698 3835 936 3898 fuisset
948 3830 1199 3895 Vestae
1230 3822 1457 3905 aedeS,
1489 3833 1614 3907 quo
1647 3818 1911 3896 tandem
1939 3816 2128 3882 modo
2154 3812 2666 3881 VerriusFlac-

541 3959 661 4005 cus
710 3937 926 4017 (Fest.
969 3931 1012 3996 l.
1056 3930 1134 4010 l.)
1174 3945 1494 3991 sacram
1538 3925 1788 4003 viam,
1831 3938 1999 4005 quae
2045 3917 2242 4002 vulgo
2292 3912 2581 3993 dicatur,
2617 3930 2662 3977 a
2745 3941 2750 3946 “

490 4021 765 4107 ‘domo
827 4035 1064 4124 regis
1121 4028 1612 4096 sacrificuli
1668 4021 1772 4096 a'd,
1821 4022 2171 4109 Regiam
2227 4017 2660 4099 pertinere
2763 4032 2811 4042 -·

478 4213 482 4220 ,
542 4143 763 4207 dicere
806 4131 1081 4223 posset?
1164 4131 1498 4213 Quomodo
1542 4129 1760 4213 porro
1786 4122 2017 4191 Livius
2077 4138 2118 4192 a
2174 4122 2362 4202 p‘orta
2414 4120 2661 4206 Mogo-

484 4225 489 4232 ⁸
543 4246 654 4309 nia
694 4241 840 4321 (ubi
878 4235 1233 4312 ,sacrificuli
1267 4235 1450 4322 regis
1497 4228 1750 4296 domum
1777 4240 1941 4288 ,esse
1972 4219 2289 4299 vidimus)
2330 4239 2539 4309 usque
2572 4216 2662 4282 ad

543 4348 799 4413 Vestae
828 4340 1143 4425 repulsos
1185 4355 1230 4402 a
1271 4334 1541 4403 Sabinis
1578 4334 1908 4398 Romanos
1953 4332 2289 4407 narraret,
2328 4326 2454 4389 nisi
2495 4331 2690 4407 spa--tv

2193 4445 2225 4455 ›-
