3119 5013
590 382 732 453 '98

641 554 787 619 suit.
871 553 1025 617 Jam
1084 564 1249 616 ‘vero
1307 549 1607 616 ridemus
1664 550 1963 616 Jov‘em
2023 549 2568 640 Jndigetem,
2629 560 2806 626 Ae-

645 674 871 721 neam
920 656 1187 740 ipsum
1242 654 1642 720 coelestibus
1704 653 2016 719 additum.
2066 656 2214 720 Liv.
2254 656 2330 735 Ι,
2386 659 2449 723 2.
2516 660 2801 750 Dionys,

645 759 797 824 Hal.
834 756 889 837 Ι,
936 758 1059 821 64:
1105 758 1215 821 ubi
1261 756 1650 829 vocabulum
1687 751 1997 839 χθόνιος,
2063 775 2187 841 quo
2228 756 2508 846 Indiges
2552 783 2805 850 graece

647 860 975 941 redditur,
1023 870 1214 944 quam·
1258 865 1412 943 apte
1455 862 1520 922 in
1561 860 1803 924 Larum
1849 860 2236 946 religionem
2282 863 2586 949 quadret,
2628 869 2701 931 L.
2744 869 2800 933 Ι.

568 1034 579 1049 ,
652 982 708 1029 c
752 964 813 1026 2.
862 964 1263 1046 comparatio
1313 960 1566 1025 doceat.
1613 958 1789 1025 Add
1833 961 2067 1043 Tibull,
2111 961 2198 1043 ΙΙ,
2229 961 2293 1044 5,
2320 966 2429 1027 43.
2474 966 2668 1033 Serv.
2713 969 2846 1034 ad.

648 1066 836 1151 Virg.
882 1063 1002 1129 Ge.
1046 1064 1115 1145 Ι,
1163 1064 1311 1129 498.
1354 1062 1576 1129 Schol.
1641 1063 1879 1127 Veron.
1941 1063 2029 1127 ad
2088 1064 2205 1128 Vir
2335 1065 2502 1134 Aen.
2550 1070 2604 1153 I,
2647 1073 2798 1136 260.

651 1152 868 1218 Huius
911 1154 1110 1238 igitur
1155 1149 1476 1214 Genius
1524 1155 1590 1213 et
1632 1155 1817 1212 recte
1860 1149 2168 1219 Jotialis
2192 1084 2460 1235 ficitur,
2520 1164 2586 1222 et
2630 1161 2801 1222 inter

650 1257 863 1339 ipsius
920 1256 1193 1319 Aeneae
1254 1254 1466 1317 Lares
1540 1258 1611 1316 et
1665 1251 1953 1316 Penates
2008 1253 2237 1319 eodem
2295 1256 2481 1321 modo
2541 1259 2795 1341 colitur,

656 1374 780 1438 quo
828 1357 905 1419 ino
938 1340 1212 1438 priuatis
1256 1352 1532 1417 aedibus
1581 1370 1843 1435 semper
1888 1352 2124 1419 domini
2159 1353 2427 1421 Genium
2472 1377 2612 1421 cum
2643 1360 2785 1422 La-

651 1460 835 1522 ribus
884 1465 950 1520 et
994 1458 1350 1521 Penatibus
1411 1458 1476 1519 in
1526 1455 1672 1520 foco
1718 1461 1787 1519 et
1840 1459 2286 1539 penetralibus
2341 1458 2573 1522 cultum
2627 1474 2784 1522 esse

655 1557 1006 1639 docuimus.
1115 1556 1525 1642 Quapropter
1581 1564 1763 1620 recte
1828 1574 2050 1623 eorum
2124 1566 2477 1645 temporum
2538 1563 2792 1624 ratione

653 1661 913 1743 habita,
978 1649 1424 1747 quibus-'inter
1464 1661 1778 1740 mortales
1828 1661 2099 1735 Aeneas
2147 1666 2578 1744 versabatur,
2624 1661 2794 1726 Ge-

655 1765 847 1826 nius
890 1760 1104 1827 d1ctus
1122 1809 1143 1843 ,
1202 1781 1432 1827 rursus
1490 1767 1709 1825 autem
1763 1768 1948 1826 recte
2003 1764 2287 1828 Laribus
2340 1782 2382 1827 a
2438 1766 2796 1848 superstite

656 1870 858 1948 gente
917 1860 1297 1946 adscriptus
1355 1868 1422 1926 et
1478 1863 1650 1925 inter
1705 1860 1997 1926 Penates
2059 1863 2267 1927 cultus
2283 1911 2306 1945 ,
2379 1871 2451 1928 ut
2509 1863 2836 1939 defuncti⁸

652 1964 783 2025 iam
824 1959 1073 2044 pridem
1117 1960 1338 2025 herois
1383 1959 1538 2024 dira
1581 1962 1819 2025 anima.
1903 2020 1934 2027 ..

1513 2102 1639 2170 Ca
1778 2108 1919 2172 16.

562 2245 566 2249 ·
651 2218 776 2285 De
833 2217 1150 2283 Larum
1210 2214 1422 2282 aede
1480 2121 1922 2297 subllselia
1981 2182 2194 2294 sita,
2252 2214 2501 2295 Anci,
2547 2216 2789 2286 'Tar-

712 2319 1196 2407 quinios-'um
1237 2316 1502 2403 reyia,
1548 2317 1784 2382 domo
1838 2314 2176 2382 Valerii
2222 2306 2713 2402 Poplicolae

1241 2436 1538 2518 reyum
1582 2437 1782 2483 sacr
1797 2416 2211 2504 {ficorum

852 2560 992 2628 Iam
1055 2578 1213 2626 1⁷·eio
1270 2580 1545 2645 prorsus
1604 2560 1970 2644 perturbari
2029 2565 2097 2623 et
2154 2561 2365 2624 corrui
2415 2560 2791 2645 videantur,

655 2684 823 2752 quae
868 2665 952 2730 de
982 2666 1264 2731 Laribus
1314 2663 1768 2751 praestitibuS,
1807 2662 2067 2727 Romuli
2104 2663 2423 2748 Remique
2452 2662 2582 2763 dii
2567 2686 2624 2729 1s
2655 2664 2788 2729 Ge-

650 2773 780 2834 niis
827 2776 959 2833 tam
999 2770 1257 2855 magnis
1303 2768 1692 2853 ambagibus
1740 2764 2235 2829 edisseruimus.
2320 2768 2488 2828 Nam
2544 2770 2603 2829 si
2646 2770 2789 2831 La-

651 2892 685 2935 r
740 2943 743 2944 ⁷
803 2872 973 2947 inter
1014 2866 1385 2951 penetrales
1413 2868 1598 2932 Deos
1639 2873 2236 2945 commemorantur,
2275 2867 2334 2927 si
2377 2868 2505 2947 ipsi
2551 2866 2617 2927 hi
2642 2868 2792 2929 La-

584 2959 589 2968 *
730 2987 764 3032 s
819 2967 931 3031 Dii
991 2968 1354 3048 coelesteS,
1418 2973 1484 3031 et
1542 2947 1729 3031 Idaei
1784 2965 2057 3049 Dactyti
2113 2964 2405 3044 fuerunt,
2455 2966 2786 3050 geminum

652 3090 881 3159 regum
924 3071 1268 3168 primorum
1320 3088 1442 3153 par
1490 3070 1704 3134 fuisse
1755 3076 1837 3134 ut
1898 3088 2025 3140 non
2061 3068 2388 3151 potuerint
2403 3111 2438 3143 x
2486 3065 2784 3131 efficitur.

651 3173 889 3240 Audio.
978 3172 1118 3238 Sed
1159 3175 1390 3237 iterum
1435 3173 1588 3237 mihi
1632 3193 1789 3258 pror-
1798 3170 2112 3237 ocandum
2176 3176 2282 3234 est
2326 3168 2411 3233 ad
2452 3167 2604 3232 illud
2639 3169 2788 3232 Ro-

650 3295 884 3342 manae
921 3279 1146 3366 gentis
1192 3283 1325 3341 tam
1375 3280 1697 3361 proprium
1751 3282 1817 3340 et
1861 3274 2194 3358 peculiare
2237 3274 2603 3357 ingenium,
2647 3255 2805 3355 quo=

536 3459 539 3462 Α
649 3387 923 3443 naturas
966 3380 1064 3442 rei
1122 3380 1632 3461 uniuscuiusque
1692 3376 1997 3440 diversas
2042 3371 2380 3457 cogitandi
2421 3374 2784 3437 rationibus

626 3493 845 3546 acute
886 3480 1313 3567 distinguereK
1335 3487 1399 3545 et
1449 3480 1818 3545 dissolvere
1865 3473 2334 3562 quodammodo
2388 3474 2773 3552 viderentur.

656 3581 798 3663 Quo
843 3583 1086 3646 sactum
1132 3601 1289 3647 esse
1330 3583 1648 3664 vidimus,
1712 3587 1783 3644 ut
1823 3582 1891 3643 in
1935 3578 2363 3666 religionibus
2408 3597 2603 3643 sacra
2643 3578 2770 3663 pri-

651 3706 821 3750 mum
866 3684 1122 3770 quidem
1163 3686 1591 3773 colligerent,
1651 3691 1715 3749 et
1749 3682 2087 3770 dignitate
2131 3682 2389 3768 publica
2442 3683 2783 3767 augerent,

628 3790 923 3879 ‚collecta
967 3795 1181 3853 autem
1227 3809 1455 3853 rursus
1503 3786 1866 3854 secundum
1923 3783 2228 3850 diuersas
2287 3782 2563 3846 numinis
2609 3783 2832 3867 vires-t

655 3875 723 3957 et
759 3891 1111 3966 facultates
1182 3891 1630 3976 seiungerent.
1717 3887 1954 3972 ltaque
2015 3904 2143 3949 non
2185 3879 2371 3945 modo
2414 3880 2690 3945 Vestam
2747 3897 2798 3952 a¹

651 3994 1011 4059 Penatibus
1054 3991 1509 4057 discreverunt
1521 4034 1555 4072 ,.
1597 3989 1722 4054 sed
1780 3989 1901 4053 hos
1946 3992 2130 4071 ipsos
2189 3984 2531 4046 iterum'in
2574 3983 2790 4047 Lares

654 4103 724 4161 et
758 4096 1048 4166 Penates
1107 4096 1365 4179 proprie
1410 4091 1622 4162 dictos
1683 4089 2071 4156 diviserunt.
2139 4084 2302 4149 ,Hoc
2358 4091 2578 4149 autem
2634 4084 2792 4148 dili-

653 4204 889 4285 genter
918 4198 1273 4263 observare
1304 4196 1620 4281 imprimis
1656 4208 1899 4277 operae
1927 4189 2204 4272 pretium
2233 4186 2553 4284 videatur,
2598 4205 2793 4270 quum

656 4297 724 4366 in
752 4297 1132 4379 Penatibus,
1174 4298 1406 4382 quibus
1435 4296 1496 4362 A
1517 4307 1781 4360 eneae
1827 4292 2096 4355 Lares
2141 4287 2602 4355 adnumeratos
2627 4301 2790 4349 esse
