3119 5013
2400 403 2530 473 11³

382 573 574 630 tasse
602 560 875 643 ,domum
921 578 1081 625 esse
1124 561 1428 646 potuisse
1458 560 1788 645 propriam
1818 559 2227 624 Valeriorum
2257 560 2538 647 regiani,¹

381 667 728 750 ipsiusque
771 664 845 727 Ρ.
893 666 1173 747 priorem
1203 661 1482 737 domum,
1531 680 1724 745 quam
1777 666 2025 727 mutata
2062 661 2318 743 imperii
2360 659 2529 726 sede

389 774 455 831 ct
501 770 567 830 in
612 767 984 830 inferiorem
1048 764 1275 829 locum*
1314 764 1487 844 lata,
1531 763 1950 847 popularibus
2005 761 2260 826 studiis·
2308 763 2391 826 ab
2449 782 2530 828 eo

389 868 721 949 desertam
768 875 967 952 atque
1013 867 1181 932 adeo
1220 856 1619 933 destructam
1656 884 1814 930 esse
1844 864 2262 929 historiarum
2289 872 2529 930 aucto-

391 991 545 1049 res»,
603 975 939 1055 antiquas·
977 971 1236 1036 fabulas
1282 989 1395 1055 pro
1454 975 1648 1055 captu
1702 989 1821 1033 suo
1878 970 2290 1051 interpretati
2349 968 2534 1031 sere-

400 1072 577 1140 bant.
614 1092 623 1096 ·
662 1077 831 1139 Nam
876 1075 1199 1139 Veliam
1243 1092 1625 1137 summam
1668 1072 1954 1137 Palatini
1998 1072 2232 1134 montis
2277 1077 2534 1156 partem

388 1179 506 1258 (2th
544 1177 758 1242 Varro
811 1179 882 1241 L.
930 1179 1004 1242 L·.
1043 1177 1126 1260 V,
1153 1178 1297 1255 54.)
1344 1176 1782 1240 firmissimam
1821 1176 1997 1239 circa
2035 1160 2248 1238 forum
2290 1175 2542 1260 regim·

393 1300 539 1353 nem
582 1281 834 1356 fuisse,
882 1298 969 1344 ex
1013 1283 1131 1362 iis,
1184 1298 1350 1363 quos
1411 1281 1478 1342 in
1521 1279 1596 1343 P.
1649 1277 1911 1342 Valerio
1957 1276 2310 1358 attulimus,
2364 1276 2530 1341 locis

395 1391 690 1470 apparet.
781 1382 1071 1468 Ideoque
1127 1382 1238 1446 rel
1281 1381 1519 1466 aliquis
1568 1378 1736 1444 hanc
1784 1379 2037 1444 domum
2082 1380 2270 1444 simul
2310 1381 2539 1445 Pena-

386 1487 551 1551 tium
594 1481 936 1565 templum,
997 1481 1079 1545 de
1142 1501 1265 1565 quo
1313 1479 1618 1560 diximuS,
1681 1479 1894 1542 fuisse
1940 1477 2354 1545 divinaverit.
2443 1481 2539 1547 At

397 1586 504 1651 hic
550 1583 1389 1670 quidem.hariolationibus
1446 1582 1596 1646 finis
1641 1580 2105 1665 imponendus,
2163 1601 2249 1647 ne
2293 1586 2539 1649 nostris

398 1689 678 1752 somniis
725 1686 1004 1765 seducti,
1048 1685 1198 1750 dum
1235 1689 1647 1770 antiquarum
1691 1685 2054 1748 fabularum
2083 1686 2344 1750 umbras
2386 1685 2539 1752 huic

282 1859 289 1866 ,
392 1789 524 1853 luci
570 1796 637 1853 et
672 1790 853 1853 ritae
897 1785 1181 1851 reddere
1223 1805 1567 1864 conamur,
1625 1804 1741 1869 pro
1787 1784 1970 1865 Dea,
2028 1791 2098 1849 ut
2133 1784 2277 1866 ille,
2321 1787 2543 1850 nubila

394 1897 663 1974 captare
722 1888 1081 1953 videamur.
1180 1887 1440 1952 Romuli
1495 1886 1790 1970 profecto
1848 1883 2113 1966 domuS,
2175 1903 2341 1961 casa
2397 1887 2541 1950 Ro-

390 1992 544 2067 muli
591 2008 761 2076 quae
807 1990 1199 2068 dicebatm·,-
1241 1990 1348 2054 vel
1407 1991 1734 2073 supremis
1781 1984 2182 2075 reipublicae
2224 1988 2541 2073 tempori-

317 2141 345 2167 „
391 2095 514 2177 blus
567 2093 882 2180 religiose
934 2098 1330 2155 conservata
1375 2097 1444 2154 et
1488 2090 1663 2155 culta
1706 2090 1824 2170 (cf.
1896 2088 2066 2153 enim
2112 2089 2307 2157 Ovid.
2354 2093 2539 2155 Fast.

391 2192 1026 2279 1,199.111,182.
1085 2193 1277 2276 P1·.op
1334 2191 1468 2273 IV,
1530 2198 1601 2272 l,
1658 2192 1719 2254 9.
1776 2189 2013 2256 Senec.
2075 2192 2388 2258 consolat.
2454 2190 2544 2256 ad

324 2280 331 2289 “
396 2299 590 2379 Heln.
627 2299 707 2375 9)
750 2299 963 2361 fuisse
989 2314 1119 2360 non
1156 2300 1395 2378 potest.
1486 2293 1677 2358 Haec
1713 2295 1882 2356 enim
1916 2296 1983 2358 in
2011 2297 2315 2380 opposita
2353 2314 2543 2359 mon-

326 2406 335 2413 ’
396 2403 485 2463 tis
515 2405 706 2481 parte
735 2376 993 2460 Circum
1023 2401 1091 2459 ct
1110 2396 1169 2458 V
1175 2395 1461 2459 elabrum
1489 2417 1526 2460 v
1535 2414 1728 2481 ersus
1763 2396 2068 2481 Dionysii
2099 2404 2321 2461 aetate
2351 2417 2543 2462 mon-

401 2500 736 2563 strabatur
763 2494 1080 2578 (A.R.1,
1123 2498 1289 2579 790,
1333 2517 1527 2594 aquo
1575 2497 1903 2563 diversam
1948 2498 2221 2563 alteram
2249 2499 2537 2564 Arellius

292 2632 313 2648 ·
399 2604 660 2667 Fuscus
690 2607 1006 2667 memorat
1051 2602 1117 2664 in
1149 2598 1468 2684 Capitolio
1501 2602 1712 2666 fuisse
1743 2621 1846 2687 ap.
1876 2603 1964 2667 M.
1991 2601 2315 2668 Senecam
2345 2601 2540 2668 Rhet.
2589 2641 2592 2648 ·

401 2703 710 2769 Contror.
745 2700 833 2780 11,
881 2720 937 2765 c.
963 2703 1047 2794 9..
1067 2717 1273 2788 aegre
1311 2704 1801 2767 concinentibus
1832 2704 2242 2789 vulgatarum
2275 2704 2541 2767 fabula-

400 2826 543 2872 rum
587 2805 1013 2892 ar‘gumentiS,
1062 2822 1234 2887 quae
1277 2803 1343 2868 id
1384 2812 1609 2893 agunt,
1655 2815 1725 2872 ut
1764 2806 2085 2871 Palatium
2115 2807 2371 2871 Romuli
2401 2809 2543 2891 pri-

394 2927 577 2973 mum.
605 2906 818 2969 fuisse
853 2902 1242 2968 domicilium
1275 2903 1742 2973 demonstrent.
1819 2901 2160 2973 Accedere
2190 2914 2407 2973 tamen
2436 2911 2547 2973 vi-

397 3012 612 3091 detur,
652 3011 713 3074 si
759 3026 889 3093 qua
916 3014 1043 3090 est,
1086 3008 1336 3073 Valerii
1360 3011 1636 3077 Maximi
1662 3015 2019 3078 auctoritas
2050 3011 2261 3096 lvfflt,
2290 3010 2350 3076 5.
2381 3012 2486 3077 sm.

1264 3174 1492 3312 bal).
1538 3234 1680 3301 21.

388 3431 389 3434 Ἴ
492 3354 617 3425 De
676 3358 1197 3447 imayinibus
1250 3360 1702 3439 medorum,
1759 3365 1840 3426 et
1896 3363 1994 3429 de
2047 3365 2319 3451 siquis
2375 3369 2463 3435 ἱη
2569 3405 2572 3412 -

1057 3457 1519 3528 vestibulo
1549 3463 1889 3549 positis.

610 3609 802 3676 Haec
848 3610 1105 3696 quidem
1148 3614 1442 3696 fuerunt,
1488 3632 1661 3699 quae
1706 3615 1789 3681 de
1833 3619 2183 3703 patriorum
2225 3626 2549 3691 numinum

405 3716 726 3804 religione
766 3723 834 3782 et
879 3718 1051 3782 cultu
1097 3729 1227 3781 tam
1271 3720 1565 3803 publico,
1615 3729 1808 3806 quam
1852 3724 2109 3806 privato
2153 3724 2546 3794 haberemus

413 3815 648 3882 dicere.
739 3817 1026 3900 Quorum
1070 3821 1153 3883 ab
1200 3827 1475 3905 utroque
1517 3841 1772 3908 genere
1817 3822 2123 3890 diversas
2170 3825 2572 3895 fuis'se'cea·

411 3935 565 3981 reas
608 3939 874 3987 avorum
920 3923 1246 4009 imagines
1268 3967 1292 4000 ,
1338 3941 1604 4006 monere
1647 3930 1759 3990 vix
1809 3927 2369 4013 operaepretium
2404 3937 2546 4000 erit.

414 4020 634 4084 Lares
678 4028 871 4114 enim,
919 4042 1005 4090 ne
1049 4024 1133 4089 de
1177 4026 1449 4110 reliquis
1494 4028 1860 4092 Penatibus
1910 4028 2165 4114 dicam,
2207 4018 2566 4120 geniorum*
2611 4028 2618 4035 ’
2659 4085 2668 4106 .

411 4122 708 4189 divorum
751 4115 985 4215 signa,
1041 4127 1168 4194 hae
1212 4127 1298 4193 ad
1341 4128 1828 4199 similitudinem
1869 4136 2172 4199 veritatis
2235 4144 2545 4222 expressi

405 4223 652 4289 vultus,
739 4224 996 4295 Illorum
1039 4251 1202 4295 usus
1227 4234 1603 4313 communiS,
1651 4230 1880 4297 harum
1921 4234 2027 4298 ius
2071 4238 2387 4305 nobilitati
2428 4262 2545 4307 re·-

351 4424 358 4429 .
405 4334 767 4396 servatum.
853 4333 1083 4399 Laetis
1126 4341 1347 4402 tamen
1391 4341 1459 4401 et
1500 4335 1697 4402 festis
1742 4333 1999 4419 diebuS,
2041 4338 2155 4405 ubi
2181 4341 2394 4429 Lares
2427 4363 2542 4411 co-
