3119 5013
430 386 437 389 ’
546 417 647 502 ..4

504 578 505 587 ¹
596 564 863 636 Putseh.
902 616 905 619 .
951 520 1132 648 „Lm-
1175 568 1238 631 si
1278 520 2119 660 familiaris'eritgenitivo
2162 574 2459 660 Laris,
2502 578 2566 646 si
2608 580 2748 648 ’ro-

596 671 817 735 lumnii
865 669 967 733 vel
997 670 1378 736 Porsennae
1422 673 1792 738 LartIS.“
1835 726 1836 731 1
1879 677 2050 741 Nam
2089 677 2263 761 quod
2307 682 2535 764 verba,
2579 701 2756 768 quae

539 780 547 801 ⁸
592 775 662 837 in
711 771 999 837 editione
1055 773 1325 839 Putsch.
1385 781 1461 839 et¹
1511 777 1806 863 vulgatis
1870 779 2143 864 reliquis
2199 782 2376 866 apud
2432 785 2752 852 Priscian.

454 962 469 969 „
596 876 674 940 V.
699 876 832 940 645
874 875 1207 961 leguntur:
1263 877 1479 960 ,‚Lar,
1526 879 1701 964 quod
1749 881 2085 969 significat
2130 884 2539 950 κατοικίδιον
2583 887 2750 954 θεόν

598 979 846 1044 Laris
890 979 1050 1043 facit
1085 982 1473 1065 genitivum,
1516 982 1627 1044 sin
1671 989 1889 1048 autem
1932 986 2390 1070 imperatorem
2429 989 2753 1071 Vejento-

597 1099 738 1144 rum
766 1082 1085 1159 Lartis,
1128 1098 1320 1163 quem
1364 1083 1682 1149 mactavit
1711 1079 1984 1147 Cossus.
2069 1083 2166 1150 Et
2205 1088 2402 1152 testis
2447 1096 2554 1153 est
2581 1088 2754 1157 0νῖ-

595 1180 743 1245 dius
775 1184 843 1244 in
886 1184 1095 1268 epigr.
1145 1183 1246 1245 sic
1278 1179 1544 1245 dicens:
1595 1182 1801 1247 Larte
1846 1184 2039 1249 ferox
2083 1203 2283 1251 caeso
2317 1185 2572 1253 Cossus
2602 1195 2750 1277 opi-

594 1297 700 1343 ma
743 1280 906 1343 tulit.
991 1280 1224 1343 Livius
1269 1281 1337 1343 in
1366 1279 1480 1345 IV.
1524 1283 1610 1345 ab
1659 1282 1823 1347 urbe
1863 1282 2127 1352 condita
2170 1287 2375 1351 Larte
2415 1289 2750 1354 Tolumnio

595 1397 760 1467 rege
793 1382 1264 1463 Vejentorum“
1299 1417 1388 1430 --
1433 1381 1608 1467 quod
1653 1390 1872 1451 autem
1908 1382 2076 1451 haec
2101 1389 2329 1470 verba,
2372 1394 2444 1453 ut
2486 1391 2553 1453 in
2592 1411 2750 1475 nro·-

597 1484 820 1566 borum
868 1481 1052 1547 codd.
1092 1503 1251 1547 mss.
1295 1485 1469 1550 nullo
1501 1489 1946 1572 comparentia
1972 1495 2157 1554 recte
2181 1488 2494 1555 Krehlius
2517 1480 2748 1580 gram-

592 1587 828 1649 matico
860 1582 1291 1650 Caesariensi
1336 1587 1717 1653 abiudicata
1762 1592 1831 1655 in
1876 1594 2236 1683 marginem
2281 1594 2607 1683 relegavit
2636 1594 2754 1676 (T.

591 1685 670 1767 L,
713 1707 774 1770 p.
820 1686 998 1766 175.)
1043 1706 1172 1751 non
1217 1687 1445 1755 refert..
1529 1686 1714 1754 Usus
1782 1692 1954 1754 enim
2013 1690 2184 1757 hanc
2242 1710 2533 1757 normam
2576 1694 2747 1760 satis

589 1791 965 1885 comprobat
1005 1788 1092 1852 cs.
1136 1789 1367 1853 Livius
1403 1786 1492 1871 11,
1533 1790 1612 1867 9„
1645 1791 1767 1872 lv,
1800 1790 1897 1875 1⁷„
1938 1788 2063 1872 111,
2101 1790 2205 1854 64.
2252 1791 2423 1856 mor.
2465 1790 2521 1873 Ι,
2547 1793 2649 1874 12,
2678 1794 2742 1875 ος

586 1891 683 1953 At
727 1892 1029 1974 quoniam
1069 1891 1136 1952 in
1172 1889 1321 1954 aliis
1367 1908 1626 1974 quoque
1665 1893 2032 1954 nominibus
2081 1897 2108 1954 t
2146 1892 2431 1954 litteram
2476 1894 2744 1957 casibus

590 2006 755 2071 quos
805 1987 1025 2052 dicunt
1069 1987 1350 2070 obliquis
1384 1986 1582 2051 modo
1628 1987 1922 2051 additam
1967 1985 2156 2050 modo
2192 1989 2504 2054 omissam
2546 1992 2740 2056 inve·
2811 2048 2817 2052 .
2881 1996 2894 2007 ’
2935 2080 2940 2097 ι

586 2090 799 2157 nimus
812 2136 833 2169 ,
885 2089 1279 2171 praesertim
1322 2089 1390 2151 in
1432 2089 1552 2168 iis,
1628 2105 1799 2170 quae
1842 2088 1925 2152 ab
1972 2076 2271 2153 externis
2308 2090 2555 2176 linguis
2613 2093 2743 2157 ad-

588 2192 759 2254 scita
813 2192 877 2253 in
921 2191 1286 2253 Romanam
1329 2191 1762 2253 transierunt:
1807 2191 1875 2253 in
1912 2208 2078 2255 voce
2124 2192 2260 2254 Lar
2303 2191 2579 2257 eandem
2628 2214 2745 2259 ra-

587 2290 829 2352 tionem
870 2287 1018 2351 olim
1060 2287 1395 2367 valuisse,
1438 2293 1595 2372 post
1636 2293 1884 2381 autem.
1915 2307 2118 2374 *quam
2164 2292 2557 2378 significatio
2601 2296 2744 2378 pri-

586 2409 690 2455 mo
731 2387 964 2454 eadem
1001 2390 1069 2453 in
1114 2388 1420 2455 diversos
1463 2409 1629 2454 usus
1670 2391 1864 2472 abiit,
1908 2390 2228 2477 duplicem
2271 2393 2543 2458 formam
2577 2413 2743 2459 con-

585 2493 870 2558 stantius
915 2494 1086 2557 inter
1130 2497 1472 2577 utramque
1525 2494 1855 2559 notionem
1883 2497 2190 2580 partitam
2236 2512 2397 2560 esse
2439 2497 2585 2561 reri
2612 2513 2740 2562 non

584 2594 906 2692 dissimile
963 2601 1085 2661 est.
1187 2591 1387 2660 Certe
1442 2589 1615 2679 Lar,
1673 2597 1785 2662 vel
1844 2599 1913 2661 in
1972 2597 2348 2686 regulorum
2400 2587 2549 2663 iilis*
2592 2601 2741 2665 sire
2863 2619 2866 2622 “

584 2698 1112 2782 praenominibus
1153 2698 1302 2761 sive
1336 2696 1691 2784 honoribus
1737 2696 2126 2780 aDionysio
2156 2698 2743 2780 Halicarnassensi

587 2816 848 2883 semper
892 2797 1134 2881 Λάρος
1176 2798 1426 2859 omissa
1471 2803 1498 2859 t
1539 2794 1801 2860 Graece
1877 2796 2226 2860 redditur-
2278 2797 2399 2862 Sic
2443 2800 2742 2881 quamvis

512 2901 521 2904 “
583 2919 701 2986 pro
757 2916 916 2963 vero
985 2898 1244 2960 nomine
1313 2902 1591 2981 accepta
1649 2896 1917 2961 honoris
1980 2897 2417 2981 appellatione
2471 2898 2568 2979 V,
2620 2900 2741 2963 21:

584 2999 827 3085 Λάρος
869 2989 1083 3078 ὄνομα
1126 2996 1460 3082 Πορσῖνος
1514 2995 1880 3084 ἐπίκλησιν.
1968 2997 2108 3076 ΧΙ,
2154 3000 2276 3063 ⁵1:
2312 2991 2556 3083 Λάρος
2592 2993 2739 3087 Ἑρ-

583 3098 822 3182 μίνιος,
870 3117 1064 3186 quum
1106 3115 1145 3162 e
1188 3089 1511 3164 contrario
1537 3094 1866 3164 Plutarch,
1907 3097 1984 3179 Q.
2028 3101 2108 3165 R.
2154 3119 2205 3165 c.
2232 3100 2341 3164 51.
2388 3099 2551 3165 deos
2594 3103 2739 3168 La·-

586 3220 699 3267 res
745 3199 1027 3289 λαρῆτες
1085 3197 1387 3287 appellat.
1488 3198 1793 3266 Eandem
1849 3207 2065 3266 autem
2121 3201 2314 3266 huius
2357 3204 2542 3267 vocis
2601 3207 2740 3268 ori-

587 3306 810 3392 ginem
852 3302 1187 3368 Arnobius
1231 3300 1613 3390 significare
1637 3301 1918 3382 videtur,
1963 3302 2073 3385 qui
2108 3312 2256 3387 post
2282 3302 2597 3386 prolatum
2632 3304 2738 3369 al-

587 3416 793 3472 terum
825 3413 892 3471 et
929 3407 1219 3489 ineptum
1255 3423 1297 3467 a
1325 3402 1581 3468 Graeco
1610 3402 1862 3489 Λαῦρα
1906 3401 2250 3467 derivandi
2281 3412 2577 3470 conatum
2605 3405 2735 3474 ad-

591 3510 714 3573 dit:
768 3507 879 3572 alii
922 3524 1081 3570 vero
1123 3510 1385 3589 putant,
1427 3499 1787 3569 Et‘ruscam
1832 3522 1989 3570 esse
2031 3524 2292 3588 vocem,
2338 3523 2509 3592 quae
2548 3509 2734 3592 prin·
2817 3559 2820 3562 .

591 3612 798 3692 cipem
830 3612 897 3672 et
926 3605 1301 3690 praesidem
1332 3605 1682 3693 significat.
1753 3607 2019 3688 *Auctor
2051 3625 2207 3672 vero
2233 3608 2380 3672 libri
2413 3607 2498 3671 de
2530 3624 2732 3690 prae-—

589 3713 882 3790 nomine,
942 3710 1050 3792 qui
1096 3707 1293 3795 vulgo
1351 3709 1472 3773 sub
1511 3694 1765 3773 Valerii
1810 3710 2082 3774 Maximi
2139 3713 2395 3773 nomine
2451 3710 2734 3771 circum-
2787 3775 2790 3776 γ

590 3814 829 3890 fertur,
875 3810 1172 3892 quamvis
1206 3826 1604 3893 praenomen
1646 3812 1791 3894 ipse
1846 3809 2108 3887 credat,
2169 3818 2238 3874 et
2279 3812 2566 3873 Tuscum
2609 3828 2733 3874 no-

462 3937 469 3946 *
589 3931 738 3977 men
784 3928 941 3974 esse
985 3917 1050 3974 et
1094 3930 1134 3974 a
1178 3913 1460 3976 Laribus
1506 3912 1870 3977 derivatum
1901 3916 2025 3978 ait.
2112 3913 2455 3995 Utcunque
2512 3919 2733 3977 autem

591 4011 676 4076 de
718 4029 883 4076 vera
923 4014 1065 4075 eius
1115 4014 1369 4098 origine
1407 4030 1487 4076 se
1528 4012 1762 4092 habet,
1818 4013 1942 4077 hoc
1989 4019 2236 4077 certum
2282 4019 2387 4075 est
2402 4041 2444 4091 ,2
2471 4011 2731 4078 Domini

589 4114 1089 4198 appellationem
1117 4117 1311 4178 etiam
1349 4116 1414 4178 in
1443 4114 1786 4179 domestici
1814 4116 2101 4196 ‘numinis
2132 4118 2429 4177 naturam
2458 4121 2523 4178 et
2563 4133 2732 4198 quo-

525 4299 532 4305 ·
590 4215 930 4280 dammodo
983 4234 1263 4302 munera*
1306 4219 1548 4302 optime
1605 4213 1951 4300 quadrare.
2065 4212 2178 4279 Cu
2196 4223 2325 4279 sto
2345 4215 2445 4279 de
2462 4236 2496 4279 s
2545 4219 2731 4282 enim
2818 4269 2827 4278 .

586 4315 625 4379 d
643 4335 681 4380 o
702 4337 765 4383 m
779 4337 821 4382 u
839 4335 882 4380 u
897 4335 958 4379 m
1003 4322 1069 4380 et
1106 4316 1458 4400 praesides
1519 4314 1841 4394 familiae,
1900 4315 2242 4406 quinimmo
2284 4313 2324 4377 d
2341 4331 2377 4376 e
2392 4315 2427 4376 f
2433 4334 2470 4377 u
2486 4333 2524 4376 n
2541 4321 2658 4377 cto
2677 4343 2723 4363 «-
