3119 5013
368 319 461 443 ἢ.
570 368 753 445 24‘

583 552 672 599 ex
714 554 840 619 quo
866 532 1160 601 homines
1185 537 1569 624 gignuntur.
1652 534 1750 605 Et
1765 546 2121 627 propterea
2142 544 2452 631 genius
2493 560 2722 614 meus

581 641 944 707 nominatur
964 658 991 719 ,’
1030 639 1184 722 quia
1223 657 1341 731 my
1378 634 1711 727 g'cnui't.
1797 640 2070 711 scilicet
2109 665 2238 712 non
2248 638 2271 730 ,1
2315 648 2482 732 quiav
2510 667 2615 713 me
2653 651 2722 715 in

581 737 963 827 generando
1008 738 1299 805 adiurat.
1344 741 1442 807 Cf.
1487 744 1670 808 locos
1699 763 1844 831 cap.
1873 748 1938 813 3.
1964 748 2223 815 allatoS.
2294 748 2721 836 Quamquam,

582 852 654 906 ut
698 840 1002 924 diximus,
1048 837 1194 927 cum
1233 846 1374 910 vita
1415 845 1679 914 alienae
1720 852 1902 917 vitae
1944 853 2394 937 procreandae
2432 857 2724 923 faculta-

582 947 711 1007 tem
758 945 946 1008 nobis
988 944 1248 1029 tribuit,
1289 946 1574 1032 ideoque
1609 968 1741 1016 non
1784 952 1973 1017 modo
2013 960 2086 1018 ut
2110 957 2311 1020 vitam
2351 956 2725 1041 protendat,
2857 986 2872 995 „

436 1044 441 1047 ’
582 1062 807 1109 verum
853 1046 1049 1111 etiam
1094 1053 1164 1112 ut
1206 1049 1452 1132 prolem
1496 1051 1986 1137 subministret,
2029 1053 2412 1121 advocatur.
2458 1056 2559 1123 cf.
2601 1059 2728 1122 Ti-

528 1238 533 1247 ,
580 1144 739 1227 bull.
777 1138 871 1224 ΙΙ,
909 1145 975 1224 2,
1016 1145 1120 1209 21.
1199 1145 1313 1212 De
1355 1151 1553 1235 genio
1599 1154 1770 1217 enim
1808 1153 2088 1237 Joviali,
2133 1174 2325 1241 quem
2356 1157 2552 1224 Jovis
2588 1178 2726 1247 ge-

580 1248 755 1311 nium
797 1248 998 1312 aliter
1031 1247 1158 1314 dici
1212 1269 1341 1316 non
1380 1255 1713 1338 potuisse,
1766 1275 1958 1347 quam
2008 1276 2196 1325 meus
2238 1258 2491 1329 Genius
2546 1262 2725 1349 apud

579 1351 993 1435 Aufustium‚
1038 1356 1354 1439 sequitur,
1399 1359 1478 1423 cf.
1510 1359 1669 1424 Lib.
1712 1359 1804 1443 ΙΙ,
1849 1361 1951 1426 15.
2037 1363 2151 1429 Ta
2164 1369 2363 1453 gete
2382 1382 2466 1431 m‘
2501 1372 2722 1435 autem

581 1450 751 1518 Gen
770 1456 830 1519 ii
857 1454 1075 1540 tilium,
1110 1456 1306 1525 Jovis
1330 1467 1644 1546 nepotem
1674 1462 1845 1547 quod
1897 1461 2173 1530 Etrusci
2204 1465 2505 1549 tradunt,
2546 1468 2723 1548 (Fe-

562 1561 727 1619 stus
763 1576 823 1641 S.
859 1575 920 1620 v.
962 1575 1027 1642 p.
1053 1558 1182 1622 2⁷3
1226 1559 1564 1642 Lindem.)
1606 1562 1766 1629 nihil
1799 1563 1980 1631 aliud
2017 1564 2325 1652 videntur
2361 1560 2724 1634 fabularum

450 1696 451 1699 =
506 1742 521 1775 κ
580 1660 969 1746 ambagibus
1030 1662 1668 1750 circumscripsisse,
1729 1685 1920 1753 quam
1962 1669 2321 1758 Tagetcm,
2384 1670 2473 1738 ad
2531 1689 2724 1757 quem

579 1765 857 1829 omnium
894 1781 1110 1830 rerum
1153 1763 1517 1833 divinarum
1559 1768 1925 1837 doctrinam
1957 1774 2348 1841 rettulerunt
2388 1775 2601 1855 (Miill.
2639 1771 2725 1837 de

578 1863 848 1932 Etrusc.
892 1865 1029 1948 ΙΙΙ,
1069 1867 1150 1950 2,
1190 1869 1333 1951 3.),
1387 1875 1629 1939 mentis
1669 1888 1944 1943 acumen
1988 1893 2187 1958 esse,
2245 1893 2415 1959 quae
2458 1875 2724 1941 divinae

577 1971 775 2032 animi
818 1972 1093 2031 naturae
1149 1975 1217 2034 et
1271 1967 1484 2036 Genio
1543 1975 1862 2060 originem
1889 1973 2189 2059 debeat,
2245 1977 2476 2059 ipsia
2523 1978 2722 2053 Jove,

579 2076 650 2153 ut
684 2084 908 2135 omnes
952 2068 1213 2137 fuerunt
1253 2071 1549 2158 animae,
1600 2079 1979 2160 procreato,
2036 2080 2106 2139 et
2148 2071 2399 2163 pectori
2438 2075 2720 2145 hu'mano
2849 2082 2860 2085 ’

577 2172 887 2239 immisso.

644 2280 647 2283 ’
777 2271 908 2339 Hic
948 2270 1151 2355 igitur
1193 2267 1447 2336 Genius
1492 2270 1768 2352 domini,
1825 2274 1889 2340 si
1931 2270 2091 2338 nihil
2125 2246 2310 2339 *aliud
2363 2275 2528 2339 ratio
2589 2276 2717 2340 loci
2773 2330 2780 2343 .

578 2374 792 2456 iubet,
832 2372 1300 2460 intelligendus
1340 2381 1470 2457 est,
1508 2375 1874 2463 ubicunque
1916 2376 2088 2442 nullo
2121 2383 2547 2466 cognomento
2574 2375 2717 2442 Ge-

575 2479 723 2548 nius
749 2483 1306 2547 commemoratur.
1389 2480 1561 2546 Nam
1588 2479 1887 2571 singulos
1921 2478 2168 2548 Genios
2196 2485 2443 2546 tantum
2470 2482 2540 2545 in
2572 2481 2719 2545 sin-

573 2578 749 2670 gulis
794 2579 1089 2647 domibus
1132 2583 1334 2671 vulgo
1380 2584 1592 2654 cultos
1628 2601 1811 2667 esse,
1854 2589 2249 2676 comparato,
2292 2600 2483 2669 quem
2517 2598 2725 2667 supra

575 2681 905 2748 attulimus
937 2678 1280 2758 Censorini
1319 2684 1462 2750 loc‘o
1487 2695 1786 2771 apparet,
1831 2702 1910 2750 eo
1951 2687 2156 2775 igitur
2178 2685 2437 2750 nomine
2473 2687 2517 2747 a
2541 2684 2721 2747 Lare
2775 2725 2779 2732 -

571 2779 1043 2871 distinguitur.·
1129 2783 1382 2849 Theod.
1435 2785 1537 2849 Μ.
1604 2775 1682 2848 L.
1740 2784 1843 2850 10.
1910 2782 1986 2852 C.
2050 2782 2176 2851 Th.
2246 2781 2332 2847 de
2385 2784 2718 2869 Paganis:

569 2886 851 2969 „Nullus
892 2887 1148 2961 omnino
1207 2886 1573 2951 secretiore
1628 2883 1887 2968 piaculo
1942 2885 2242 2951 Larem
2289 2886 2485 2974 igne.
2535 2905 2716 2956 mero

575 2985 885 3069 Genium,
947 2986 1238 3051 Penates
1281 2982 1511 3050 nidore
1543 2990 1905 3050 veneratus
1944 2985 2206 3077 caett.“
2269 2985 2427 3051 Alia
2469 2983 2719 3054 dabunt

570 3091 846 3157 Lexica.
928 3088 1045 3154 De
1071 3088 1242 3154 cultu
1266 3093 1484 3153 autem
1506 3081 1693 3177 ‘genii
1732 3088 1947 3154 omnia
1986 3087 2129 3154 fere
2169 3089 2238 3154 in
2260 3087 2503 3177 vulgus
2539 3096 2717 3155 nota.

472 3178 483 3186 ’
571 3189 666 3258 Et
710 3191 878 3257 alias
920 3197 989 3256 et
1030 3189 1141 3256 die
1181 3190 1407 3272 natali,
1448 3185 1561 3275 qui
1603 3188 1778 3257 idem
1820 3191 2002 3277 genii
2043 3189 2286 3255 natalis
2331 3198 2496 3263 erat.
2533 3192 2717 3256 flori-

571 3295 719 3377 buS,
759 3279 912 3361 vino
940 3293 1137 3376 (Hor.
1166 3312 1313 3380 epp.
1338 3290 1430 3374 Π,
1462 3297 1523 3376 1,
1551 3292 1700 3359 143.
1744 3293 1829 3359 A.
1857 3291 1929 3357 Ρ.
1954 3290 2100 3357 31⁰.
2128 3291 2317 3386 Pers.
2361 3289 2505 3358 Sat.
2533 3294 2598 3376 2,
2614 3294 2717 3373 3.)

570 3397 788 3485 pulte,
838 3403 984 3487 ture
1027 3396 1229 3477 (Plin.
1268 3393 1526 3476 XVIII,
1558 3394 1632 3463 8.
1677 3395 1783 3459 19.
1826 3391 2021 3461 ovid.
2064 3394 2213 3460 Am.
2253 3391 2325 3476 1,
2347 3392 2413 3477 8,
2452 3393 2558 3459 at.
2593 3394 2719 3459 Ti-

568 3501 717 3565 bull.
760 3497 816 3581 1,
858 3501 924 3579 ⁷,
959 3498 1066 3578 55).
1101 3497 1207 3581 Π,
1249 3497 1316 3579 2,
1358 3499 1419 3563 3.
1463 3495 1599 3580 lv,
1640 3494 1687 3562 3
1710 3544 1733 3579 ,
1768 3495 1834 3561 9.
1890 3495 2113 3582 ibique
2151 3498 2433 3582 interpp.
2476 3497 2717 3582 Appu-
2833 3549 2836 3550 γ

506 3615 522 3631 ·
568 3598 675 3664 lei.
721 3595 806 3663 de
843 3596 1069 3668 Mund.
1112 3617 1176 3683 p.
1217 3597 1306 3664 ⁷4
1328 3595 1543 3676 mm.)
1581 3595 1696 3664 vel
1740 3596 1960 3680 etiam,
2004 3598 2323 3678 extremis
2368 3604 2549 3664 corte
2574 3598 2715 3662 rei-

569 3700 869 3787 publicae
906 3700 1309 3786 temporibus
1354 3704 1626 3767 cruenta
1666 3696 1887 3764 hostia
1926 3698 2310 3785 placabatur
2353 3696 2493 3782 (Cf.
2544 3699 2716 3764 enim

496 3814 531 3865 ‘.
565 3803 731 3870 Hor.
776 3801 901 3870 od.
935 3801 1059 3885 111,
1102 3803 1209 3885 1⁷,
1253 3802 1356 3867 14.
1395 3799 1515 3885 IV,
1555 3802 1678 3883 11,
1716 3801 1781 3870 ⁷.
1819 3801 1967 3870 Ltv.
2009 3799 2226 3883 xxi,
2266 3799 2371 3872 62·
2409 3800 2712 3866 Maecen.
2751 3811 2756 3822 ’

569 3920 670 3994 ap.
715 3901 954 3970 Senec.
1012 3920 1115 3989 ep.
1162 3902 1372 3985 114),
1424 3902 1724 3992 quamvis
1778 3899 1946 3970 olim'
1970 3903 2162 3967 aliter
2192 3895 2443 3980 ruisse,
2497 3899 2711 3966 Varro

566 4024 672 4089 ap.
716 4002 1058 4072 censorin.
1111 4001 1340 4087 docet,
1385 4001 1471 4072 de
1514 4003 1578 4071 d.
1611 4010 1756 4082 inat.
1797 4024 1858 4072 c.
1896 4003 1963 4072 2.
2027 4001 2202 4083 „Hic
2240 4001 2519 4068 forsitan
2561 4004 2711 4087 quis

571 4097 881 4188 quaerat,
922 4102 1077 4188 quid
1120 4119 1368 4169 causae
1406 4103 1536 4187 sit,
1592 4110 1667 4170 ut
1719 4121 1963 4170 merum
2016 4097 2418 4167 fundendum
2476 4098 2710 4183 Genio,

566 4221 693 4272 nou
737 4203 1018 4271 hostiam
1060 4204 1430 4296 faciendam
1456 4207 1815 4293 putaverit:
1858 4198 2028 4288 quod
2073 4203 2351 4284 scilicet,
2387 4208 2472 4268 ut-
2497 4204 2709 4267 Varro

568 4312 887 4392 testatur,
945 4301 1034 4378 id'
1058 4310 1260 4376 moris
1303 4310 1716 4394 institutique
1749 4305 2033 4370 maiores
2075 4306 2286 4373 nostri
2339 4310 2709 4386 tenuerunt,
