3119 5013
635 364 768 468 ne

566 608 575 615 .
631 550 965 627 lebantur,
1034 543 1225 610 simul
1275 550 1626 610 stemmata
1680 543 2134 634 redintegrata
2175 546 2512 633 'novisque
2565 522 2788 643 pertis

626 655 954 741 imagines
1013 656 1289 713 ornatae
1359 666 1519 712 esse
1579 647 1922 714 videntum
1997 650 2351 736 Juvenalis
2409 640 2588 719 enim*
2655 677 2773 741 pro

629 757 818 821 salvo
863 755 1058 818 amici
1101 751 1317 818 reditu
1351 751 1503 815 Diis
1547 757 1707 815 vota
1753 752 2087 817 soluturus
2135 750 2281 818 Sat.
2322 753 2485 837 XII,
2525 757 2644 850 57:

649 890 657 900 .
759 860 920 924 lude,
955 857 1154 925 inquit,
1193 858 1398 908 domnam
1432 863 1686 922 repetam,
1721 854 1947 921 yracilcs
1982 858 2068 910 ubi
2103 877 2275 926 parva
2312 878 2540 916 coronas

758 943 1031 1008 Accipiunt
1064 940 1249 1006 frayili
1281 941 1340 990 si
1356 948 1405 990 'm
1419 956 1452 989 ιι
1467 939 1485 988 l
1501 954 1533 987 α
1553 954 1580 987 c
1598 955 1625 990 r
1639 956 1673 988 a
1713 941 2023 992 nitentia
2060 961 2086 993 c
2104 959 2244 1015 eiga.

757 1030 860 1079 Hic
894 1032 1142 1078 nostru
1163 1042 1213 1075 m
1245 1019 1470 1088 placabo
1504 1025 1549 1071 J
1559 1041 1590 1074 ο
1609 1040 1739 1076 vem
1748 1063 1769 1091 ,
1806 1026 2137 1096 Laribusque
2175 1033 2417 1096 paternis
2489 1091 2493 1095 .

764 1114 911 1163 Tura
946 1110 1103 1161 «labo.
2097 1100 2098 1103 Ἴ

621 1198 749 1267 His
788 1205 1007 1265 tamen
1041 1199 1276 1262 iterum
1307 1195 1557 1283 distant
1597 1197 1797 1284 signa
1841 1213 2056 1262 aenea
2084 1199 2189 1264 vel
2216 1218 2576 1279 marmorea
2619 1203 2760 1287 pri-

568 1322 569 1325 ’
618 1310 933 1372 stinorum
977 1315 1044 1368 et
1078 1305 1524 1389 praesentium
1554 1300 1783 1399 domus
1812 1299 2209 1369 dominorum
2248 1304 2603 1370 aliorumve
2646 1308 2756 1371 fa-

616 1406 838 1488 miliae
896 1406 1239 1472 illustrium
1293 1407 1762 1483 membrorum,
1841 1423 2012 1489 quae
2071 1407 2260 1471 simul
2318 1403 2751 1493 cum’spoliis

615 1514 897 1597 aliisque
942 1508 1246 1595 triumphi
1291 1510 1662 1596 insignibus
1691 1515 1847 1609 ante
1879 1508 2087 1577 aedes
2130 1510 2215 1574 ad
2242 1518 2474 1596 postes
2512 1514 2751 1575 ianuae

616 1621 683 1680 et
724 1617 792 1679 in
829 1612 1160 1679 uestibulo
1206 1608 1786 1683 constituebantur.
1875 1611 2063 1677 Haec
2107 1615 2277 1678 enim
2337 1616 2536 1679 rebus
2584 1615 2752 1680 bene

586 1719 829 1807 gestis
889 1718 1132 1782 claram
1194 1713 1445 1779 domum
1505 1717 1703 1778 etiam
1763 1717 2337 1803 praetereuntibus
2404 1718 2753 1805 significa-

611 1825 788 1890 bant.
875 1822 1161 1889 Statuas
1200 1828 1418 1887 autem
1466 1821 1870 1908 singularem
1926 1823 2109 1905 prius
2155 1829 2223 1893 et
2264 1841 2305 1887 a
2345 1823 2579 1909 populo
2624 1822 2752 1888 de-

607 1936 857 1993 cretum
899 1926 1245 2007 honorem,
1303 1943 1428 1989 nec
1466 1926 1562 1988 ita
1614 1923 1864 2009 pridem
1910 1926 2100 1989 inter
2134 1944 2444 2010 proceres
2502 1929 2568 1990 in
2620 1948 2746 1991 su-

534 2052 537 2055 ’
603 2031 898 2116 perbiam
940 2036 1007 2095 et
1042 2030 1284 2094 fastum
1328 2029 1665 2115 vulgataS,
1704 2029 1902 2092 etiam
1931 2028 2102 2093 ultra
2130 2017 2460 2111 antiquum
2503 2046 2744 2093 cerea-

572 2151 746 2208 ‚rum
801 2132 1155 2216 imaginum
1213 2148 1413 2194 usum.
1458 2127 1776 2209 durasse,
1848 2147 1965 2212 pro
2018 2127 2123 2191 his
2190 2135 2403 2190 autem
2463 2128 2736 2212 clypeos

602 2233 1038 2320 imagunculis
1092 2233 1421 2320 signatoS,
1480 2231 1712 2315 Appii
1739 2228 1992 2294 Claudii
2061 2231 2421 2310 intentum,
2479 2234 2729 2296 sensim

602 2331 996 2403 substitutos
1026 2354 1207 2417 esse,
1236 2335 1488 2417 Plinius
1518 2340 1802 2400 testatur
1827 2332 2126 2414 XXXV,
2146 2333 2211 2396 2.
2242 2332 2379 2397 coll.
2393 2334 2463 2397 3:
2506 2331 2728 2415 „lma-
2807 2340 2812 2389 ξ

597 2426 822 2529 ginum
869 2438 1127 2525 quidem
1186 2440 1477 2524 pictura,
1541 2455 1673 2523 qua
1729 2440 2012 2502 maxime
2067 2436 2318 2502 similes
2378 2437 2445 2500 in
2500 2431 2733 2502 aevum

594 2545 1132 2632 propagabantur
1157 2543 1433 2631 figurae,
1472 2544 1539 2605 in
1583 2547 1783 2622 totum
1826 2541 2131 2605 exolevit.
2219 2539 2425 2604 Aerei
2472 2559 2731 2624 ponun-

594 2647 700 2714 tur
729 2648 970 2733 clypei,
1003 2654 1368 2736 argenteae
1398 2647 1610 2710 facies
1641 2643 1843 2709 surdo
1878 2631 2232 2730 figurarum
2260 2641 2635 2707 discrimine
2654 2678 2735 2692 -

593 2751 880 2817 Aliter
920 2749 1094 2835 apud
1134 2751 1427 2814 maiores
1464 2752 1531 2813 in
1577 2750 1838 2812 atriis
1885 2744 2051 2810 haec
2095 2750 2306 2823 erant,
2352 2761 2523 2827 quae
2569 2762 2735 2829 spe-

595 2860 963 2931 ctat-entur,
1019 2872 1145 2917 non
1205 2854 1403 2940 signa
1449 2857 1863 2915 externorum
1921 2844 2266 2922 artificum,
2321 2861 2471 2908 nec
2529 2863 2730 2909 aera

595 2962 710 3022 aut
756 2957 1219 3020 marmora.“
1304 2952 1494 3022 Unde
1536 2950 1706 3015 haec
1746 2967 1872 3014 non
1915 2950 1981 3011 in
2019 2946 2186 3010 atrio
2229 2944 2375 3009 olim
2419 2944 2542 3009 sed
2593 2948 2724 3012 alio

593 3057 822 3124 domus
865 3060 1009 3125 loco
1055 3045 1358 3144 spectata
1412 3074 1609 3137 esse,
1668 3055 1728 3118 si
1780 3059 2001 3118 tamen
2060 3050 2316 3114 omnino
2379 3046 2758 3133 adessent,

590 3166 884 3246 apparet.
947 3153 1153 3240 Quem
1182 3181 1223 3225 ι
1230 3158 1575 3224 estibulum
1601 3158 1815 3221 fuisse
1844 3165 1911 3218 et
1934 3152 2193 3229 Plinius
2216 3153 2364 3235 ipse
2390 3148 2725 3233 XXXIV,

589 3264 710 3345 13,
748 3264 891 3329 loco
940 3274 1145 3346 supra
1202 3263 1579 3347 exscripto,
1643 3265 1711 3324 et
1761 3255 2113 3323 Juvenalis
2172 3252 2316 3319 Sat.
2372 3252 2780 3335 v11,125.·

524 3401 527 3407 ,
585 3387 686 3453 sq.
729 3366 958 3433 docet.

997 3469 1170 3520 Huius
1204 3469 1336 3522 enim
1377 3473 1489 3524 stat
1528 3481 1782 3517 currus
1819 3477 2042 3514 «tenen
2058 3476 2105 3524 ε,
2147 3460 2248 3511 alti

931 3553 1275 3619 Quaaelrijnyes
1308 3554 1363 3602 in
1400 3551 1701 3615 vestibulis,
1735 3557 1891 3616 atque
1922 3550 2036 3615 ipsc
2069 3537 2232 3612 feroci

924 3640 1194 3691 Bellatorc
1229 3638 1409 3689 sedens
1441 3643 1732 3692 curvatum·
1754 3631 1944 3686 hrt-stile
1973 3627 2228 3685 mittatur.

924 3726 1140 3778 Eminus
1155 3762 1173 3789 ,
1211 3730 1260 3775 et
1293 3729 1501 3775 statua*-
1513 3723 1797 3776 meditatur
1829 3721 2035 3787 proclia
2072 3722 2222 3770 lusca
2257 3743 2325 3756 -

584 3822 653 3881 et
678 3814 996 3903 Virgilius
1039 3810 1141 3874 sui
1185 3808 1497 3893 temporis
1536 3806 2024 3893 magnificentia
2061 3804 2146 3870 ad
2188 3806 2440 3887 priscos
2483 3802 2719 3876 Italiae
2799 3887 2800 3890 Ἴ

582 3934 786 4005 reges
829 3917 1040 3982 relata
1079 3914 1146 3977 in
1183 3913 1404 3977 Latini
1440 3911 1640 3997 regia
1682 3910 1849 3974 Aen.
1894 3907 2044 3989 VII,
2091 3908 2247 4000 ¹⁷⁷?

800 4022 932 4090 Quin
967 4019 1123 4069 etium
1158 4022 1384 4065 veterum
1419 4012 1614 4079 ι’ῆῖριος
1656 4027 1724 4062 em
1764 4013 1943 4063 ordine
1976 4026 2193 4062 avorum

726 4101 1087 4168 Antiqua
1127 4112 1154 4148 c
1190 4097 1354 4147 cedr
1374 4114 1436 4158 ο
1472 4097 1741 4161 Italusque
1773 4101 2023 4160 paterque
2058 4071 2290 4139 Sabinus

789 4186 1080 4252 vitisator,
1119 4195 1333 4231 curvum
1364 4195 1585 4232 servans
1620 4177 1715 4228 snb
1751 4178 1970 4240 inmyinc
2002 4173 2189 4237 falcem

791 4270 1157 4333 Saturnusque
1190 4281 1350 4316 senex
1369 4306 1382 4330 ,
1418 4264 1646 4328 Jamque
1680 4260 1926 4328 bifrontis
1957 4259 2142 4322 imayo

794 4351 1176 4404 Vestibula
1213 4349 1650 4412 adstabant,
1683 4347 1873 4413 aliique
1909 4340 1977 4394 ab
2013 4347 2210 4413 oriyoe’ne
2239 4361 2408 4412 reyes.
