3119 5013
612 292 757 335 ,ιχ
1747 338 1774 367 Ι,
2243 350 2276 385 ἢ

435 540 763 627 manulam
820 539 1057 607 clivum
1124 555 1328 623 super
1382 535 1641 603 Veliam
1693 537 1909 623 ipsam
1972 537 2177 605 scalis
2236 538 2569 607 ascende-

438 649 560 708 ret.
659 640 821 708 Cum
875 661 1001 727 quo
1057 642 1156 706 ita
1214 639 1526 707 dissentit
1577 640 1825 707 Festus
1884 661 1941 707 s.
2002 661 2067 707 v.
2121 642 2570 717 Romanam

441 750 749 830 portam
808 765 874 830 p.
931 743 1082 808 222.
1137 742 1432 809 Lindem.
1451 787 1477 821 ,
1540 748 1615 809 ut
1690 745 1823 808 nisi
1891 749 2180 808 nostram
2253 748 2569 812 rationem

447 844 869 931 adoptaveris
919 847 1045 912 sed
1084 846 1430 913 Niebuhrii
1472 836 1859 912 'auctoritati
1911 847 2266 913 obsecutus
2310 848 2565 916 Veliam

445 957 512 1015 et
583 949 862 1017 Sacram
931 954 1104 1016 viam
1181 953 1247 1016 in
1322 953 1641 1035 oppositis
1709 950 1948 1015 Palatii
2024 951 2323 1034 partibus
2403 953 2571 1017 sitas

439 1054 655 1121 fuisse
688 1044 1089 1136 ‘crediderim
1138 1073 1281 1119 cum
1327 1056 1775 1139 superioribus
1818 1056 2214 1120 testimoniis
2258 1057 2390 1120 nisi
2429 1061 2577 1120 tur-
2653 1088 2668 1093 -
2764 1034 2776 1043 ’

382 1157 614 1247 Xbatis
683 1164 751 1222 et
801 1160 1029 1223 mixtis
1089 1158 1384 1245 omnibus
1451 1177 1729 1243 prorsus
1799 1161 2166 1225 consociari
2222 1179 2351 1225 non
2407 1179 2574 1245 pos·
2651 1231 2660 1239 ‚

436 1252 549 1322 isit.
635 1259 765 1324 Hic
823 1262 990 1324 enim
1046 1278 1175 1324 non
1217 1256 1686 1347 Mugoniar‘n
1723 1259 1868 1325 sed
1911 1249 2442 1335 Romanulam
2486 1248 2573 1326 ad

441 1359 737 1424 clivum
791 1361 1234 1430 Victoriae
1301 1377 1459 1425 esse
1515 1361 1749 1425 refert:
1818 1358 2028 1443 „Sed
2079 1367 2270 1447 porta
2323 1363 2575 1427 Roma-

352 1480 359 1485 ’
440 1478 531 1526 na
568 1463 874 1533 instituta
919 1468 1026 1526 est
1066 1480 1110 1526 a
1152 1461 1425 1526 Romulo
1469 1461 1681 1525 infimo
1724 1461 1891 1527 clivo
1935 1461 2292 1544 Victoriae,
2324 1452 2442 1547 qui
2470 1462 2575 1528 lo-

398 1596 402 1602 *
445 1581 563 1628 cus
601 1562 922 1650 gradibus
966 1566 1031 1628 in
1075 1563 1391 1649 quadram
1426 1564 1766 1643 ,formatus
1801 1570 1927 1629 est.
1973 1565 2303 1649 appellata
2353 1562 2610 1631 autem'

443 1668 745 1734 Romana
792 1687 833 1732 a
873 1666 1180 1751 Sabinis,
1237 1667 1411 1754 quod
1466 1686 1548 1733 ea
1591 1670 1926 1754 proximus
1969 1667 2190 1737 aditus
2247 1675 2392 1735 erat
2431 1670 2576 1734 Ro-

444 1788 636 1843 mam.
755 1771 990 1857 Itaque
1050 1770 1278 1836 eadem
1337 1771 1569 1839 domus
1616 1767 1806 1838 recte
1859 1775 1937 1837 in
1993 1773 2277 1837 infimo
2337 1774 2625 1853 clivo,.

444 1876 513 1939 in
544 1892 860 1957 summa
905 1892 1159 1940 sacra
1217 1875 1653 1971 visaysupra
1696 1892 1984 1939 novam
2042 1876 2254 1938 viam
2303 1879 2371 1939 et
2429 1875 2574 1938 sub

445 1975 693 2041 Velia
732 1976 947 2041 fuisse
977 1976 1231 2042 dicitur.
1315 1973 1616 2042 Eandem
1653 1973 2066 2040 autemhanc
2090 1973 2338 2039 Valerii
2363 1974 2578 2039 fuisse

444 2076 765 2160 vidimus,
825 2078 996 2164 quod
1043 2079 1321 2166 egregie
1363 2077 1649 2142 affirmat
1684 2077 1915 2143 Livius
1930 2123 1952 2157 ‚
2011 2077 2231 2159 quiin
2287 2077 2571 2143 infimo

338 2262 389 2269 ‚⁷
448 2183 665 2248 clivo
719 2201 865 2248 eam
898 2178 1334 2247 'aedificatam
1392 2198 1552 2244 esse
1611 2181 1742 2243 aits
1821 2180 2057 2264 Neque
2117 2178 2578 2275 aliumaelocffl

382 2333 386 2339 .
447 2280 780 2371 significat
818 2285 1028 2350 Varro
1071 2285 1148 2349 L.
1202 2285 1279 2348 L.
1322 2283 1418 2362 V,
1464 2289 1527 2359 §-
1572 2283 1677 2347 4⁷.
1729 2274 1910 2355 Miill.
1969 2299 2052 2348 ea
2110 2281 2367 2348 Sacrae
2422 2284 2586 2363 viae

426 2378 680 2464 “parte,
730 2390 903 2464 quae
943 2387 1049 2465 est
1093 2398 1134 2444 a
1174 2377 1540 2445 foro'eunti
1583 2384 1861 2465 primore
1902 2382 2086 2469 clivo.
2173 2381 2346 2450 Sunt
2402 2389 2575 2453 enim

354 2537 359 2541 ,
451 2480 620 2545 haec
650 2485 797 2546 eius
826 2481 1064 2545 verba:
1108 2481 1327 2562 „Huic
1348 2483 1611 2568 iunctae
1643 2470 1924 2568 Carinae
1949 2491 2017 2549 et
2042 2486 2212 2551 inter
2240 2504 2361 2553 eas
2389 2496 2579 2575 quem

452 2582 681 2649 locum·
712 2583 1158 2649 Ceroliensem
1190 2584 1591 2668 appellatum
1636 2583 1931 2670 apparet,
1973 2586 2146 2671 quod
2173 2592 2422 2675 primae
2461 2614 2578 2659 re-

447 2683 1005 2774 gionis‘quartum
1031 2689 1412 2753 ‘sacrarium
1453 2687 1765 2772 scriptum
1807 2681 1936 2886 sin
1950 2677 2087 2753 est:

654 2807 1000 2873 Ueronensi&
1051 2809 1364 2880 quaru‘ceps,
1403 2809 1544 2860 circa
1596 2810 1862 2878 Minerviu-

1265 2891 1368 2941 n‘ter
1399 2892 1456 2942 in
1495 2891 1791 2944 Tabernola
1826 2889 1930 2948 eata

1987 2824 2090 2876 qua
2125 2824 2153 2861 e
2192 2811 2369 2865 Caelio
2410 2823 2581 2869 monte

448 2985 854 3059 Ceroliensis
900 3008 942 3055 a
989 2988 1372 3057 Carinarum
1412 2994 1634 3060 iunctu
1672 2993 1904 3061 dictuS.
1947 3009 1950 3012 ·
1995 2991 2300 3081 Carinae,
2346 3007 2580 3085 postea
2665 2995 2670 3002 ’

450 3093 741 3173 Cerolia,
796 3092 1013 3178 quod“
1047 3130 1131 3143 —
1176 3100 1393 3179 tuetur
1455 3098 1624 3161 enim
1668 3096 1838 3162 hanc
1880 3100 2263 3183 particulam
2299 3103 2573 3170 'Mullen

453 3197 679 3255 contra
710 3191 998 3258 Bunsen.
1044 3227 1131 3238 -—
1173 3192 1370 3274 „hinc
1413 3197 1614 3259 oritur
1657 3203 1855 3280 caput
1885 3196 2051 3265 Sasc'
2067 3218 2224 3266 rae
2260 3205 2466 3270 viae
2492 3207 2577 3271 ab

454 3290 858 3358 Streniae
897 3295 1257 3376 sacello,
1316 3314 1485 3380 quae
1540 3300 1822 3382 pertinet
1860 3302 1927 3365 in
1972 3319 2221 3386 arcem,
2279 3325 2409 3390 qua
2452 3326 2579 3373 sa-

452 3410 567 3459 cra
611 3401 926 3480 quotquot
965 3399 1302 3488 mensibus
1349 3398 1645 3464 feruntur
1688 3404 1754 3466 in
1792 3404 2069 3487 Arcem,
2097 3409 2178 3471 *et
2220 3425 2340 3491 per
2383 3428 2576 3494 quam

448 3499 763 3584 Augures
795 3515 881 3562 ex
917 3500 1092 3565 Arce
1135 3502 1410 3586 profecti
1436 3504 1650 3598 solent
1678 3507 2095 3595 inaugurare.
2137 3507 2378 3576 'Huius
2410 3510 2575 3578 Sa·-

450 3618 646 3667 crae
689 3602 885 3665 viae
939 3620 1094 3686 pars
1138 3604 1352 3670 haec
1397 3606 1592 3671 sola
1648 3609 1900 3698 volgo
1958 3617 2421 3697 notaspquae
2470 3622 2579 3683 est

448 3722 490 3769 a
520 3704 698 3769 foro
724 3705 920 3768 eunti
955 3708 1306 3790 primore
1349 3728 1387 3774 c
1410 3709 1653 3775 livo.“
1733 3714 1970 3800 Neque
2006 3717 2178 3790 enim
2208 3717 2434 3799 refert,
2467 3721 2579 3795 *sic

451 3819 532 3866 an
585 3802 757 3889 quod
798 3804 1085 3870 Bunsen.
1140 3807 1182 3872 l.
1225 3809 1269 3874 l.
1315 3811 1493 3891 iubet
1539 3814 1615 3878 T.
1659 3811 1732 3894 I,‘
1775 3816 2008 3899 pv693.
2049 3820 2412 3901 „proxima
2454 3837 2588 3902 sa·-

359 3959 365 3964 .
454 3919 560 3967 cro
594 3906 817 3971 clivom
843 3908 1166 3996 legamus.
1251 3898 1518 3979 Nam'in
1546 3915 1711 3981 libro
1744 3917 2022 3983 Florent.
2056 3925 2162 3984 est
2198 3922 2578 4005 „proximo-

451 4021 524 4066 ro
541 4004 582 4039 “
625 4007 794 4073 unde
852 4011 1142 4076 fortasse
1198 4015 1674 4094 restituendum
1733 4022 2094 4105 „proxima
2144 4024 2407 4107 primori
2454 4024 2577 4090 cli-

450 4103 601 4167 vo“.
672 4104 777 4170 De
808 4108 1130 4177 industria
1173 4122 1391 4180 autem
1417 4116 1587 4183 hunc
1610 4118 1820 4184 locum
1847 4124 2336 4207 exscripsimuS‚
2382 4123 2577 4209 quod,

449 4207 706 4291 utjpse
738 4235 741 4238 ⁷
776 4228 820 4275 a
866 4214 1322 4288 Livio„lucem
1377 4222 1651 4305 accipit,
1707 4224 1808 4287 sic
1864 4239 2062 4287 versa
2115 4227 2264 4293 vice
2304 4228 2575 4293 Festum
2619 4305 2622 4308 ,

446 4309 768 4397 illustrat,
827 4321 1163 4406 omnisque
1216 4322 1392 4389 illius
1433 4325 1726 4413 regionis
1780 4332 2078 4416 naturam
2133 4334 2201 4396 et
2257 4322 2453 4397 situm
2503 4325 2584 4398 ut'
