3119 5013
2478 372 2564 439 13

397 496 462 607 x1
445 545 734 605 ersatus
776 537 870 603 sit
908 532 1186 602 Hesiod.
1225 531 1301 600 ἐ.
1330 551 1390 598 v.
1436 530 1565 599 108
1597 528 1694 597 de
1731 532 1967 597 animis
2011 500 2371 615 mortalium
2396 530 2563 594 sae-

422 643 580 717 culo
603 657 805 709 aureo
846 638 1295 721 destructorum
1338 634 1439 702 sic
1480 649 1732 724 agens:
2375 642 2388 659 “

769 790 832 844 οἷ
861 789 971 859 μὲν
1005 787 1214 859 &alpoz
1214 805 1268 846 ες
1306 783 1473 856 ἁγνοὶ
1510 781 1821 853 ὲπιχθόιιοι
1859 785 2145 837 καλέονται

696 870 888 926 ἐσθλοὶ
923 869 1261 935 ἀλεξίκακοι,
1297 867 1540 938 φύλακες
1573 869 1795 935 θνητῶν
1830 867 2152 937 ἀνθρώπων
2211 932 2220 933 7

696 955 1086 1010 πλουτοδόται
1124 956 1218 1006 καὶ
1254 971 1348 1005 τοι
1324 955 1412 1005 ‘sto
1446 954 1616 1024 γέρας
1652 947 1943 1020 βασιλήιον
1975 946 2159 1018 ἔσχον.

427 1101 614 1188 Quae
656 1100 1013 1190 descriptio
1058 1117 1251 1189 quam
1307 1082 1476 1167 bene
1516 1102 1587 1166 in
1630 1080 1963 1166 Romanos
2000 1103 2216 1167 Lares
2273 1066 2575 1188 iuuaret,

427 1202 557 1270 nisi
602 1205 774 1290 quod
815 1203 881 1269 hi
923 1223 1052 1269 non
1092 1205 1284 1269 unius
1327 1190 1579 1267 saeculi
1621 1203 1880 1291 animae
1915 1208 2102 1285 sunt,
2139 1204 2313 1268 infra
2355 1209 2586 1292 magis*
2631 1214 2634 1219 ·

424 1308 624 1383 etiam
651 1305 1011 1391 apparebit.
1070 1304 1217 1369 Hoc
1245 1304 1448 1391 igitur
1473 1302 1884 1387 separatiore
1906 1304 2114 1367 sensu
2140 1303 2338 1367 etiam
2349 1301 2578 1369 Grae-

424 1410 486 1473 ci
522 1403 874 1487 δαίμονες,
915 1394 1080 1489 quos
1112 1404 1295 1486 ‘alias
1339 1405 1535 1497 etiam
1580 1400 1829 1467 Genios
1872 1401 2075 1473 latine
2115 1401 2412 1469 redditos
2447 1406 2572 1469 *ri-

429 1507 663 1589 dimuS,
704 1506 929 1572 horum
956 1508 1392 1570 Romanorum
1419 1512 1695 1569 naturae
1737 1504 2017 1589 proximi
2054 1511 2124 1571 et
2163 1512 2413 1573 tantum
2444 1526 2575 1593 non
2651 1588 2662 1594 ,

382 1643 387 1649 π
431 1607 648 1671 iidem.
698 1606 884 1687 Qua
930 1604 1014 1668 de
1058 1622 1264 1670 causa
1291 1600 1700 1671 Censorinus
1745 1603 1829 1669 de
1855 1602 1963 1669 die
2005 1611 2138 1670 nat.
2181 1587 2573 1686 „eundem

433 1726 594 1774 esse
631 1710 964 1799 genium
1007 1715 1074 1773 et
1116 1707 1377 1771 larem
1418 1703 1600 1771 multi
1642 1711 1912 1772 ueteres
1953 1710 2305 1772 memoriae
2347 1707 2586 1793 prodi-

386 1796 391 1801 ’
431 1810 750 1892 derunt“,
796 1815 865 1877 et
901 1808 1079 1875 haud
1121 1814 1504 1875 cunctanter
1538 1808 1806 1872 Festus.
1854 1828 1909 1872 s.
1953 1828 2015 1872 v.
2060 1810 2335 1881 Laneae
2388 1829 2450 1895 p.
2490 1812 2578 1877 91

392 1910 730 1977 ·'Lindem.
761 1910 1085 1995 LareS,
1085 1912 1204 1992 ait,
1244 1912 1572 1975 animae
1609 1910 2005 1994 putabantur
2033 1909 2436 1978 hominum
2464 1932 2583 1978 re-

432 2014 672 2080 dactae
715 2015 782 2079 in
840 2032 1173 2079 numerum
1216 2012 1522 2079 Deorum.
1614 2004 1823 2093 Quam
1866 2015 2231 2101 opinionem
2283 2014 2582 2101 philoso-
2639 2006 2644 2013 ’

430 2116 544 2203 phi
601 2118 705 2181 sic
746 2124 976 2182 sectae
1021 2135 1186 2182 suae
1240 2118 1502 2202 placitis
1545 2116 2156 2221 accommodarunt,
2167 2124 2263 2183 ut
2303 2119 2587 2208 Augus-

431 2222 545 2284 tin.
602 2217 675 2284 C.
717 2218 816 2297 11).
863 2210 1148 2300 lx,11
1191 2214 1565 2283 Platonicos
1623 2217 1870 2284 tradat
1897 2222 2199 2302 „animas
2255 2218 2582 2286 hominum

340 2336 351 2357 ²
433 2320 882 2386 daemonas
928 2337 1087 2384 esse
1115 2321 1421 2384 arbitrari
1464 2327 1532 2385 et
1577 2337 1666 2384 ex
1709 2313 2073 2387 hominibus
2109 2321 2260 2387 fieri
2288 2324 2588 2404 Lares,

398 2456 403 2459 ·
436 2423 498 2484 si
542 2404 758 2483 meriti
801 2424 956 2481 sunt
982 2419 1164 2481 boni:
1221 2419 1543 2483 Lemures
1587 2436 1707 2481 seu
1737 2420 2022 2500 LarvaS,
2066 2421 2129 2483 si
2171 2420 2342 2487 mali.
2426 2421 2590 2486 Ma-

437 2539 564 2586 nes
609 2506 827 2584 autem
856 2513 1022 2582 deos
1057 2516 1211 2598 dici,
1251 2536 1394 2583 cum
1428 2521 1745 2582 incertum
1773 2526 1902 2600 est,
1943 2515 2254 2584 bonorum
2281 2537 2400 2585 eos
2440 2523 2591 2586 sive

404 2619 757 2686 ·malorum
825 2634 987 2682 esse
1050 2618 1439 2682 meritorum.
1449 2619 1495 2654 “
1594 2618 1658 2683 A
1718 2636 1842 2702 quo
1895 2638 2027 2684 non
2087 2621 2185 2684 ita
2237 2619 2595 2705 diter-sum,

439 2717 615 2810 quod
663 2718 1029 2804 Appuleius
1074 2716 1278 2782 habet
1320 2716 1405 2784 de
1442 2717 1525 2783 D.
1571 2715 1758 2785 Soet.
1801 2738 1885 2803 p.
1897 2717 2002 2784 50.
2041 2718 2215 2786 ΕΙιιι.
2300 2720 2482 2804 „Est
2522 2730 2596 2791 et

346 2852 350 2854 ⁴
437 2821 733 2889 secundo
775 2820 1153 2910 significatu
1192 2816 1590 2903 (Genius)
1634 2823 1900 2906 species
1943 2821 2350 2890 Daemonum
2399 2830 2592 2895 ani·-

306 2949 315 2964 ·
377 3011 393 3016 ‚
437 2948 605 2993 mus
651 2926 1050 2992 humanus
1115 2928 1509 2991 emeritis
1568 2928 1808 2992 ritae
1869 2930 2346 3014 stipendiis
2402 2953 2596 3001 cor-

439 3041 641 3117 pore
683 3048 833 3093 suo
879 3012 1311 3095 abiuranS.
1396 3028 1591 3093 Hunc
1634 3034 1867 3093 uetere
1906 3025 2148 3098 Latina
2204 3033 2434 3122 lingua
2474 3055 2592 3103 re·-

441 3132 625 3215 perio
668 3129 908 3194 Larem
949 3128 1343 3194 dictitatuml
1421 3127 1537 3195 Ex
1602 3123 1789 3194 hisce
1835 3149 1997 3216 ergo
2033 3134 2425 3202 Lemuribus
2478 3154 2602 3224 qua

445 3232 851 3316 posterorum
894 3250 1156 3298 suorum
1200 3249 1422 3296 curam
1455 3232 1729 3295 sortitus
1767 3231 2028 3315 placato
2070 3239 2138 3298 et
2189 3238 2410 3321 quieto
2465 3259 2595 3304 ιιιι-

450 3334 625 3397 mine
667 3332 917 3398 domum
963 3334 1300 3420 possidet,
1341 3335 1478 3398 Lar
1520 3332 1758 3400 dicitur
1797 3331 2160 3400 familiaris
2247 3336 2376 3418 Qui
2436 3358 2595 3407 vero

428 3436 533 3526 ‘ob
576 3429 863 3522 adversa
890 3431 1066 3501 vitae
1107 3440 1340 3502 merita
1383 3436 1579 3518 nullis
1623 3437 1813 3502 bonis
1861 3436 2134 3520 sedibus
2179 3440 2432 3508 incerta
2470 3461 2600 3510 va·-

362 3625 368 3629 -
452 3533 726 3625 gatione
772 3554 890 3600 ceu
934 3539 1210 3619 quodam
1264 3540 1460 3604 exilio
1503 3542 1802 3625 punitur,
1861 3543 2058 3606 inane
2099 3543 2599 3628 terriculamenta
2669 3543 2676 3546 ’

453 3647 588 3703 tum
633 3639 821 3718 bonis
867 3635 1274 3718 hominibus,
1331 3648 1660 3707 caeterum
1702 3645 1967 3708 noxium
2008 3646 2232 3730 malis3
2275 3645 2345 3711 id
2381 3665 2600 3735 genus

455 3741 748 3826 plerique
772 3731 1036 3803 Lan-vas
1081 3737 1436 3821 perhibent.
1524 3743 1869 3809 Cumtero
1892 3747 2208 3812 incertum
2252 3755 2377 3825 est,
2426 3767 2603 3833 quae

461 3844 690 3924 cuique
722 3859 945 3905 eornm
991 3842 1248 3904 sortitio
1297 3847 1611 3927 evenerit,
1652 3854 1864 3911 utrum
1891 3849 2027 3912 Lar
2070 3851 2182 3931 sit,
2230 3867 2316 3915 an
2353 3852 2603 3935 Lai-va,

462 3944 714 4006 nomine
741 3936 1520 4025 Manema-appellantf‘
1604 3942 1767 4009 Cum
1806 3965 1931 4030 quo
1962 3965 2177 4031 paene
2218 3946 2305 4012 ad
2332 3953 2606 4017 verbum

463 4045 790 4107 consentit
845 4044 1149 4126 Martian.
1210 4037 1513 4124 Capella,
1576 4061 1962 4128 quamquam
2016 4048 2298 4131 priorum
2355 4047 2607 4116 docui-
2657 4061 2661 4067 ’

416 4175 419 4176 f
461 4149 567 4211 nis
609 4146 813 4209 veluti
854 4148 921 4210 in
965 4165 1200 4230 corpus
1244 4146 1537 4212 redactis
1581 4150 1862 4235 origine
1878 4151 2176 4217 rocabuli
2212 4155 2454 4221 Manes
2498 4157 2607 4222 al·-

461 4248 594 4312 tius
635 4248 917 4331 repetita
960 4248 1307 4313 etiamdum
1348 4270 1387 4313 ι
1395 4251 1457 4313 it
1465 4253 1638 4316 entis
1678 4244 1956 4324 Genium
2013 4254 2106 4319 ita
2147 4257 2605 4342 appellandum
