3119 5013
482 412 641 487 ‚14

488 628 497 635 .
552 586 716 636 esse
763 571 1122 641 existimat.
1209 568 1387 637 Sunt
1426 566 1597 637 enim
1661 569 1832 638 haec
1886 573 2036 656 ejus
2053 574 2289 641 verba
2331 573 2514 662 Cap.
2536 576 2606 640 2.
2641 596 2714 662 p.

550 674 670 739 40:
731 675 842 755 „A
882 672 1240 739 'medletate
1265 674 1447 739 aeris
1471 681 1684 760 usque
1720 679 1787 740 in
1815 678 2122 743 montium
2152 683 2503 764 terraeque
2546 697 2714 746 cone·

548 775 706 841 tinia
746 771 1077 840 Hemithei
1107 774 1499 860 Heroesque
1540 796 1581 841 ι
1588 781 1892 841 ersa'ntu'r
1920 813 2005 826 —
2029 778 2251 862 ibique
2292 773 2530 862 Manes
2575 768 2620 845 i.
2650 764 2736 846 e.

551 866 847 959 corporis
873 871 1134 963 bumani
1176 873 1524 958 praesules
1552 876 1885 956 attributi,
1913 878 2022 961 qui
2064 884 2411 962 parentum
2434 882 2714 946 semini-
2798 942 2802 951 ,

548 978 675 1043 bus
716 975 952 1042 manat
956 966 1162 1052 erunt.
1249 977 1494 1041 Verum
1530 978 1626 1042 illi
1668 986 1908 1044 manes
1914 1025 1936 1060 ,
1980 981 2283 1064 quoniam
2323 984 2706 1067 corporibus

544 1081 654 1145 illo
690 1085 981 1172 tempore
1020 1078 1404 1156 tribuuntur,
1443 1087 1571 1161 quo
1601 1077 1673 1142 fit
1697 1081 1906 1162 prima
1934 1082 2295 1165 conceptio,
2333 1082 2529 1169 etiam
2557 1089 2709 1168 post

544 1200 586 1246 ι
590 1181 750 1244 itam
807 1166 1041 1242 iisdem
1087 1177 1467 1259 corporibus
1514 1175 1945 1258 delectantur,
1986 1184 2187 1264 atque
2221 1188 2367 1246 cum
2409 1179 2516 1245 his
2559 1201 2712 1247 ma*

491 1358 504 1366 ‚
546 1284 784 1344 nentes
842 1272 1252 1376 appellantur
1290 1275 1639 1357 Lemures.
1705 1274 1854 1358 Qui
1888 1279 1952 1342 si
1993 1280 2180 1345 vitae
2219 1281 2456 1364 prioris
2498 1268 2707 1348 adiuti

504 1412 507 1415 ·
542 1381 786 1445 fuerint
828 1375 997 1444 hom
1001 1380 1201 1441 state
1226 1378 1306 1442 in
1348 1377 1617 1444 Lares
1661 1360 2072 1447 domorum
2113 1382 2495 1483 urbiumque
2537 1401 2703 1448 ter-
2777 1440 2785 1454 „

543 1489 798 1553 tuntur:
858 1482 919 1544 si
963 1486 1203 1559 autem
1227 1478 1675 1566 depratantur
1716 1502 1804 1551 ex
1850 1502 2122 1615 corpore
2164 1487 2302 1551 Lan
2304 1503 2430 1552 vae
2473 1485 2703 1573 penu-
2811 1520 2816 1521 ff

545 1586 782 1652 bentur
825 1602 909 1648 ac
952 1570 1244 1649 Maurae.
1248 1585 1292 1620 “

586 1690 591 1693 ’
750 1684 944 1751 Haec
986 1690 1208 1761 autem
1250 1685 1649 1766 testimonia,-
1696 1691 1765 1750 et
1803 1690 1974 1771 quae
2013 1676 2144 1752 iam
2187 1668 2448 1753 allaturi
2474 1696 2702 1754 sumus
2745 1672 2752 1679 ⁵

543 1790 641 1855 ita
681 1792 936 1873 aperta,
982 1793 1050 1853 et
1083 1787 1264 1875 tulgi
1300 1789 1615 1854 sensibus
1658 1785 1789 1855 hae
1825 1792 2331 1887 superstitiones
2360 1793 2457 1855 ita
2498 1810 2732 1864 aceo-³,

540 1891 883 1973 modatae,
923 1896 995 1956 ut
1039 1892 1421 1974 ιιιιυιιιιιιοᾶο
1465 1891 1709 1957 Heind.
1757 1880 1845 1956 ad
1886 1880 2048 1958 Hor.
2094 1892 2307 1957 Sei-‚m
2352 1891 2419 1971 Ι,
2460 1891 2543 1974 5,
2583 1895 2699 1958 66.

541 1993 757 2061 nihilo
790 1994 1014 2056 secius
1059 1993 1329 2056 Lares
1373 1995 1841 2074 Manesque
1898 1991 2167 2055 eosdem
2228 2009 2388 2055 esse
2442 2010 2697 2086 negare

539 2094 861 2181 potuerit,
920 2093 1065 2177 iure
1110 2109 1299 2175 quem
1344 2095 1567 2156 mirari
1605 2092 1861 2156 subeat.
1948 2092 2187 2176 Neq'ue
2244 2093 2435 2157 nobis
2495 2096 2697 2161 officit

538 2198 904 2279 Larrarum
948 2209 990 2254 a
1038 2191 1326 2253 ‘Laribus
1385 2188 1760 2278 distinctio,
1822 2208 2014 2272 quam
2058 2197 2130 2255 ut
2185 2204 2227 2256 a
2283 2192 2691 2258 multitudine

539 2295 785 2361 factam
853 2294 954 2356 sic
1014 2292 1082 2354 in
1151 2280 1451 2374 publicas
1509 2295 1580 2355 et
1633 2289 1973 2355 Pontificio
2016 2292 2170 2374 ‚jure
2225 2284 2523 2363 sancitas
2574 2313 2693 2359 re-·

536 2399 822 2486 ligiones
865 2411 992 2458 non
1033 2397 1365 2476 receptam
1406 2410 1564 2456 esse
1616 2390 2019 2458 confidimus).
2091 2396 2264 2461 Nam
2297 2386 2708 2465 ‚vocabulum-

534 2500 751 2585 ‘ipsum
780 2498 1001 2564 Larva
1040 2493 1199 2560 nihil
1243 2492 1531 2578 videtur,
1572 2495 1705 2561 nisi
1749 2494 2046 2572 eiusdem
2086 2501 2275 2570 vocis
2318 2498 2560 2580 forma,
2621 2505 2692 2564 ut

538 2606 606 2670 in
632 2603 866 2689 'prisca
905 2600 1109 2665 latina
1151 2599 1377 2687 lingua
1423 2600 1824 2665 exuberans.
1908 2599 2014 2665 Ab
2063 2600 2213 2684 ipsa
2242 2617 2400 2665 vero
2446 2599 2696 2665 familia

539 2722 1057 2790 unumquemque
1086 2709 1422 2783 mortuum,
1466 2702 1728 2765 etiamsi
1771 2699 1922 2770 dum
1975 2702 2111 2765 vita
2152 2702 2459 2778 manebat
2491 2689 2694 2783 probe

486 2887 495 2890 =
535 2808 736 2874 sactis
777 2808 1036 2876 minime
1078 2804 1365 2889 insignis
1421 2801 1699 2881 fuisset,
1753 2820 1883 2871 non
1928 2801 2181 2865 larvam
2224 2809 2292 2865 et
2342 2793 2693 2865 terricula-

536 2918 857 2991 mentum,
895 2904 1020 2973 sed
1052 2908 1293 2971 Larem
1331 2911 1399 2970 et
1440 2904 1725 2969 tutelarc
1773 2924 2010 2969 numen
2056 2908 2210 2989 post
2249 2910 2518 2984 mortem
2560 2902 2688 2968 ha-··

536 3017 742 3081 bitum
786 3018 854 3077 et
896 3009 1135 3075 cultum
1186 3024 1379 3092 esse,
1424 3001 1978 3069 consentaneum.
2061 2996 2368 3104 Denique
2423 3004 2687 3092 signifi-

535 3136 597 3183 c
580 3118 711 3181 ιιίο
742 3113 925 3179 nocis
953 3130 1128 3175 man
1144 3111 1242 3191 is,
1276 3125 1446 3194 quae
1474 3109 1541 3172 in
1571 3108 1973 3201 composito
1955 3108 2282 3171 1mmani
2300 3127 2334 3170 s
2362 3108 2686 3172 sermonis

536 3238 664 3283 usu
714 3221 984 3303 recepto
1051 3207 1401 3278 etiamnum·
1458 3217 1719 3292 exstat,
1783 3209 1939 3274 illud
2001 3209 2398 3293 comprobat.
2512 3185 2685 3274 Nam

410 3337 431 3344 “’
533 3323 842 3405 antiquos
886 3326 1198 3382 manum
1241 3334 1359 3399 pro
1406 3316 1572 3379 bono'
1619 3313 1753 3377 dr-
1735 3332 1877 3377 1sse
1921 3313 2177 3397 plurimi
2215 3317 2482 3376 autores
2510 3316 2685 3374 sunt.

531 3421 636 3488 Cf.
682 3423 854 3485 enim
900 3420 1106 3483 Varro
1153 3415 1237 3481 de
1280 3416 1446 3481 L.L
1390 3413 1625 3494 LVI
1653 3416 1716 3479 4.
1764 3435 1827 3497 p.
1855 3417 1900 3479 3
1950 3415 2098 3498 Bip.
2142 3414 2326 3479 Fest.
2371 3430 2434 3477 ι
2463 3401 2686 3478 Mane.

527 3545 590 3609 p.
611 3525 700 3586 94
741 3519 931 3586 Lind.
973 3518 1269 3583 Macrob.
1303 3515 1451 3581 Sat.
1487 3516 1543 3596 I,
1581 3519 1643 3579 3.
1683 3515 1919 3580 Isidor.
1963 3513 2148 3603 (hig.
2190 3515 2271 3596 V,
2303 3516 2414 3581 30.
2459 3508 2689 3579 Schol.

533 3625 693 3687 Aer.
733 3618 819 3683 ad
864 3619 1039 3682 Hor.
1067 3608 1284 3681 Carm.
1329 3614 1383 3697 I,
1424 3616 1488 3677 4.
1535 3614 1730 3681 Serv.
1775 3613 1864 3680 ad
1910 3616 2099 3703 ῑίιὲς.
2137 3616 2306 3680 Aen.
2351 3615 2406 3697 I,
2453 3615 2598 3688 143.
2683 3611 2686 3614 ’

740 3705 851 3783 Ad
884 3715 1067 3780 banc
1109 3717 1311 3802 igitur
1371 3734 1769 3779 communem
1805 3719 2055 3780 Larum
2098 3716 2518 3798 Maniumque
2565 3733 2684 3779 re-

528 3822 840 3911 ligionem
867 3816 1280 3883 referendum
1307 3836 1466 3881 esse
1494 3825 1646 3902 puto
1676 3818 1814 3883 Cic.
1850 3819 1934 3883 de
1953 3815 2140 3909 legg.
2156 3816 2244 3897 ΙΙ,
2263 3818 2369 3895 22,
2397 3817 2504 3899 qui
2534 3822 2687 3899 post

528 3915 725 3988 fine'm
767 3923 1075 3989 funestae
1117 3918 1405 3982 familiae
1446 3919 1691 3983 factum
1734 3921 2063 4002 tamquam
2107 3918 2377 3999 primum
2433 3915 2687 3984 mortuo

484 4079 499 4082 2
532 4024 940 4093 inter-Deos
1001 4027 1265 4105 recepto
1327 4012 1635 4086 honorem
1697 4020 2019 4099 habitum,
2093 4016 2426 4098 antiquum
2482 4017 2684 4080 'ritum'

530 4130 988 4192 commemorat
1019 4122 1229 4206 „quod
1262 4141 1477 4210 genus
1508 4124 1814 4188 sacrificii
1849 4113 2062 4185 Lare
2089 4118 2478 4180 vervecibus
2505 4115 2684 4180 fiat;“

532 4228 656 4295 Sic
690 4229 866 4292 enim
891 4225 1240 4312 legendum
1285 4243 1445 4290 esse
1485 4222 1847 4289 secundum
1888 4219 2176 4305 optimos
2202 4218 2388 4292 codd.
2416 4210 2572 4281 mss.
2595 4221 2700 4284 fet-

528 4331 754 4397 Lare
797 4326 1105 4396 Datilum
1146 4330 1414 4412 antique
1442 4343 1573 4411 -pro
1618 4326 1815 4389 Lari
1860 4321 2099 4388 dictum
2125 4320 2516 4412 Schneider.
2553 4315 2680 4385 de-
