3119 5013
562 344 691 408 114

765 496 1081 579 Quoniam
1126 514 1284 562 vero
1329 515 1454 562 nec
1500 497 1585 563 de
1613 482 1910 588 Phrygia
1937 502 2198 567 Lavinii
2235 505 2491 591 origine
2516 508 2705 590 quis„

559 618 752 687 quam
809 598 1184 680 dubitabat,
1256 605 1325 663 et
1378 601 1716 670 Romanus
1769 604 2048 688 populus
2107 624 2202 671 ea
2235 608 2520 690 pictate,
2581 626 2710 694 qua

558 703 878 773 coloniam
920 720 1083 789 ergo
1092 698 1393 765 matrem
1429 707 1521 767 uti
1552 723 1683 788 par
1698 710 1831 783 est,
1876 706 2039 770 Lai
2003 709 2195 771 inios
2224 709 2414 794 focqs
2450 712 2710 794 publice

550 824 677 892 per
731 807 1161 892 magistratus
1222 804 1480 868 colebat
1543 842 1628 852 -—
1672 825 1820 870 nam
1862 808 2241 873 Macrobius
2298 809 2447 876 Sat.
2492 811 2707 894 11-‚42

480 921 483 926 '
552 908 810 993 ,,Α(160,
852 914 925 972 ut
961 906 1264 972 consules
1296 912 1362 970 et
1389 914 1731 991 praetores
1763 927 1885 974 seu
1918 910 2277 979 dictatores
2313 933 2455 978 cum
2484 917 2710 983 ineunt

556 1018 1051 1102 magistratum,
1088 1031 1256 1076 trem.
1291 1010 1577 1076 divinam
1621 1014 1869 1091 saciant
1912 1016 2271 1080 Penatibus
2339 1021 2583 1102 pariter
2641 1029 2711 1087 et

552 1116 879 1184 Vestae.“
932 1114 1123 1182 Unde
1155 1112 1468 1177 hausisse
1512 1114 1815 1179 ridentur
1832 1115 2075 1200 luten).
2114 1117 2201 1181 ad
2238 1120 2421 1208 virg.
2455 1122 2621 1186 Aen.
2657 1123 2706 1188 Ι.

553 1225 703 1288 271.
748 1221 854 1302 ΙΙ,
894 1221 1060 1301 296,
1124 1220 1359 1304 quibus
1417 1217 1572 1283 add.
1630 1220 1913 1305 Dionys.
1980 1224 2130 1311 Hal.
2176 1224 2245 1307 Ι,
2290 1228 2398 1293 67.
2456 1227 2705 1314 Interp.

552 1321 741 1389 Fuld.
776 1321 868 1385 ad
912 1322 1079 1385 Aen.
1126 1319 1248 1401 111,
1278 1320 1390 1385 12:
1453 1319 1941 1404 „Imperatores
1986 1326 2052 1387 in
2097 1330 2502 1410 provinciam
2546 1333 2705 1395 ituri

530 1424 726 1512 apud
756 1443 872 1489 eos
899 1426 1167 1509 primum
1211 1421 1628 1487 immolabant
1654 1459 1741 1471 —-
1767 1427 2017 1492 inventi
2066 1435 2243 1510 sunt,
2289 1433 2397 1514 qui
2445 1440 2515 1497 ut
2556 1452 2704 1497 ma-

552 1531 664 1617 gis
711 1529 904 1592 etiam
951 1545 1094 1590 cum
1135 1526 1508 1590 Homericis
1557 1531 1965 1614 argumentis
2012 1529 2185 1595 hunc
2226 1534 2468 1599 cultum
2517 1554 2702 1601 com-

426 1708 429 1709 7
551 1637 894 1721 ponerent,
935 1630 1395 1713 Neptunum
1429 1633 1495 1692 et
1522 1629 1641 1712 Ap
1666 1628 1871 1694 ollin
1893 1651 2029 1713 em,
2072 1635 2494 1701 Troianorum
2519 1658 2705 1704 moe...

551 1737 728 1800 nium
771 1722 1223 1797 exstructores
1278 1729 1400 1794 hos
1458 1737 1737 1815 penates
1799 1750 1966 1800 esse·
2008 1738 2327 1804 iuberent.
2411 1743 2584 1807 Nam
2640 1744 2704 1808 si
2791 1744 2798 1755 '

549 1833 721 1900 fides
767 1839 874 1897 est
904 1829 1144 1896 Servio
1189 1828 1275 1895 ad
1316 1831 1502 1917 virg.
1547 1831 1716 1895 Aen.
1752 1830 1807 1913 1,
1838 1834 1997 1900 378:
2048 1838 2402 1925 „Nigidius
2449 1849 2517 1906 et
2557 1844 2703 1908 La·-

550 1937 719 2027 beo,
772 1932 998 2016 Deo-s
1044 1935 1406 2015 penates
1447 1931 1834 2014 Aeneae,
1893 1936 2265 2020 Neptunum
2328 1947 2396 2003 et
2439 1941 2705 2025 Apolli-

555 2054 705 2102 nem
748 2032 1028 2099 tradunt.
1059 2031 1280 2114 „Add.
1328 2032 1519 2096 eund.
1552 2031 1680 2115 111,
1716 2035 1859 2099 119.
1906 2035 1994 2118 ΙΙ,
2021 2039 2167 2102 325.
2241 2039 2499 2104 Eadem
2539 2044 2701 2106 Ma·
2744 2052 2753 2063 '

558 2139 821 2205 crobius
870 2134 1106 2214 habet,
1154 2133 1302 2201 Sat.
1345 2133 1433 2217 ll,
1477 2137 1542 2217 4,
1590 2135 1857 2214 addi-ta,
1913 2156 2118 2222 quam*
2150 2138 2469 2219 diximus,
2526 2146 2696 2208 reli-

556 2242 776 2331 gionis
822 2257 1051 2316 causa,
1095 2244 1163 2302 et
1205 2239 1449 2303 Arnob.
1492 2237 1619 2318 ΠΙ,
1664 2259 1722 2323 p.
1760 2241 1901 2303 123.
1990 2239 2159 2320 Quid
2200 2242 2399 2327 igitur
2439 2245 2694 2323 mirum,
2807 2278 2814 2279 ff
2884 2286 2889 2289 -

555 2348 618 2410 si
659 2348 728 2409 in
767 2331 947 2409 tanto
1002 2345 1427 2431 pugnantium
1474 2344 1842 2427 opinionum
1902 2342 2373 2427 quodammodo
2420 2347 2690 2410 tumultu

557 2447 955 2532 DionysiuS,
996 2443 1301 2511 ‘Graecus
1346 2445 1559 2527 homo,
1595 2435 1820 2511 'Lares
1869 2449 2226 2530 praestites
2264 2424 2731 2516 Lai-’iniensi-x

554 2552 683 2617 bus
727 2551 1095 2615 numinibus
1125 2548 1468 2614 admodum
1496 2550 1748 2613 similes
1777 2550 2068 2615 Penates
2096 2558 2295 2636 atque
2324 2550 2492 2617 adeo
2515 2553 2697 2617 Ae-

553 2672 764 2720 neae
807 2659 1159 2739 penates
1223 2649 1483 2735 habuit,
1541 2658 1609 2717 et
1653 2670 1771 2731 eo,
1825 2672 1951 2738 quo
1999 2654 2318 2735 ιὶἀίιιιιιε,
2374 2654 2565 2721 modo
2612 2654 2696 2720 de

552 2761 644 2824 iis
686 2758 951 2824 rettulit.
1022 2779 1025 2782 ·

1354 2993 1357 2996 Δ
1433 2900 1641 2985 Gap.
1695 2906 1872 2971 20·-
1899 2911 1932 2939 ᾧ

856 3018 980 3087 De
1024 3018 1474 3086 Penatium
1514 3018 1716 3084 aede
1761 3017 1844 3083 in
1894 3013 2140 3085 Velia
2184 3018 2375 3084 sita.

756 3161 993 3246 Neque
1049 3158 1206 3225 illud
1252 3157 1570 3223 adnotare
1615 3171 1657 3221 a
1698 3156 1843 3221 loco
1898 3162 2121 3224 nostro
2167 3094 2449 3220 alienum
2496 3098 2696 3221 vide-

553 3268 671 3336 tur
704 3277 898 3337 esse,
947 3259 1198 3334 domum
1244 3258 1454 3338 illam,
1500 3275 1671 3342 quae
1716 3258 2013 3322 Varrone
2058 3260 2196 3339 (ap.
2238 3258 2480 3319 Ascon.
2522 3256 2566 3319 l.
2610 3256 2691 3337 1.)
2757 3321 2760 3324 ,

556 3363 904 3431 Plutarcho
945 3362 1161 3443 [Publ.
1189 3362 1336 3440 20.)
1369 3362 1588 3457 Dion>
1595 3362 1693 3424 sio
1740 3360 1858 3440 (Υ,
1889 3360 2025 3436 39.)
2067 3359 2350 3421 testibus
2388 3360 2455 3424 in
2481 3360 2692 3443 ipsius

556 3467 795 3532 Palatii
846 3465 989 3530 loco
1049 3466 1483 3527 munitissimo
1557 3458 1662 3541 (ἐν
1719 3460 1814 3543 τῶ
1875 3454 2201 3544 κοατίστω
2260 3459 2378 3522 τοῦ
2420 3460 2694 3527 Παλαν-
2817 3537 2840 3548 Ἀ

557 3566 743 3647 zion)
800 3568 889 3632 Μ.
943 3566 1286 3630 Valerio
1338 3567 1407 3630 M
1426 3584 1562 3628 ixl
1586 3583 1734 3641 mo,
1818 3579 2006 3645 quem
2068 3561 2262 3648 uulgo
2321 3562 2685 3627 Publicolae

560 3671 831 3749 fratrem
888 3671 1142 3751 serunt,
1199 3666 1598 3733 Niebuhrius
1655 3665 1971 3752 gentilem
2028 3663 2214 3729 modo
2273 3667 2416 3752 eius
2482 3666 2688 3731 fuisse

554 3776 964 3860 eundemque
1006 3792 1195 3858 quem
1237 3774 1524 3837 Manium
1569 3771 1971 3836 demonstrat
2011 3772 2123 3852 (T.
2169 3770 2230 3848 Ι,
2271 3763 2344 3853 ἰ).
2374 3771 2502 3833 563
2531 3775 2695 3856 sq.),

565 3881 724 3949 data
769 3888 910 3953 est,
962 3878 1209 3941 foribus
1257 3878 1321 3939 in
1367 3876 1691 3959 publicum
1735 3877 2006 3959 apertiS,
2049 3892 2317 3957 prorsus
2365 3871 2697 3938 diversam

565 4003 725 4050 esse
764 4000 811 4048 3,
851 3982 925 4044 P.
967 3978 1296 4043 Valerii
1342 3977 1526 4042 domo
1574 3978 1706 4042 sub.
1741 3979 1931 4046 Velia
1975 3978 2134 4048 sita,
2178 3991 2369 4060 quam
2393 3977 2695 4042 Niebuh-

561 4089 702 4151 rius
763 4089 864 4167 (p.
906 4082 1033 4148 561
1078 4084 1218 4166 sq.)
1262 4099 1423 4145 ,cum
1486 4080 1611 4145 hoc
1664 4078 2012 4144 confundit.
2099 4076 2270 4139 Nam
2321 4097 2453 4157 non
2502 4080 2694 4147 modo

566 4206 803 4253 novum
846 4182 1000 4249 inde
1040 4187 1335 4248 nascitur
1365 4168 1834 4269 argumentum
1874 4178 2180 4240 honorum
2215 4179 2307 4243 illi
2350 4185 2533 4266 genti
2579 4202 2693 4250 re—

566 4292 724 4379 giae
767 4286 1100 4366 datorum,
1145 4283 1269 4350 sed
1307 4288 1500 4352 etiam
1541 4290 1614 4348 ut
1649 4282 2055 4364 suspicemur
2091 4280 2295 4366 facit,
2331 4282 2507 4348 hanc
2550 4285 2693 4347 for-2
