3119 5013
2438 398 2625 514 in'
2729 430 2740 447 ’

412 572 601 671 Quod
634 585 783 653 ideo
817 550 1182 652 adnotasse
1213 586 1386 653 haud
1414 542 1900 674 supervacuum
1927 587 2080 653 mihi
2112 592 2366 673 visum,
2409 595 2567 679 quia

399 710 618 777 ⁴nuper
658 689 1022 757 Lerschius
1065 678 1398 783 (Annales
1444 684 1683 776 philoll.
1749 693 2045 758 Darmst.
2091 692 2281 759 1838.
2327 697 2410 761 Ν.
2454 696 2563 782 72,

411 816 473 893 p.
512 794 644 860 585
679 797 820 879 sq.)
870 795 1085 865 rerba,
1118 794 1554 861 vestibulo
1585 785 2078 861 ‘adstabant‘
2113 782 2279 861 dura
2322 816 2407 862 ne
2451 799 2562 865 di·
2655 874 2659 883 .
2724 820 2728 827 ·

411 915 555 962 cam
586 903 884 962 contorta
912 897 1448 980 interpretatione
1474 900 1566 962 ita
1599 900 1879 985 accepit.
1928 900 2123 984 quasi
2156 918 2285 964 non
2318 902 2562 988 inipso
2619 930 2624 941 ¹

408 998 739 1066 vestibulo
787 997 910 1063 sed
956 1000 1026 1063 in
1072 1002 1220 1063 atrii
1266 1018 1350 1064 ea
1390 1008 1620 1085 parte,
1669 1019 1840 1086 quae
1883 1002 2210 1067 vestibulo
2255 1008 2555 1088 proxima
2659 1024 2671 1041 ²

410 1111 635 1184 esset,
693 1104 891 1190 signa
951 1120 1036 1167 ea
1079 1105 1359 1168 stetisse
1406 1093 1727 1192 Virgilius
1777 1102 1987 1169 dicat.
2073 1104 2334 1190 Ubique
2391 1112 2561 1175 enim

410 1209 737 1296 imagines
797 1206 1112 1270 maiorum
1167 1208 1232 1270 in
1289 1207 1625 1271 atrio'non
1683 1208 1751 1269 in
1807 1205 2136 1271 vestibulo
2190 1205 2557 1295 dispositas

413 1312 916 1377 commemorari.
1006 1310 1151 1374 Hoc
1191 1298 1453 1394 quidem
1493 1315 1713 1374 recte:
1760 1302 1885 1381 s'ed
1928 1311 2301 1398 „imagines
2344 1317 2558 1383 maio-

410 1414 632 1492 rum“,
678 1430 850 1496 quae
891 1414 1154 1497 proprie
1192 1411 1533 1491 dicuntur,
1600 1430 1839 1478 cereae
1865 1420 2033 1483 ,sunt
2074 1416 2365 1484 vultuum
2409 1421 2558 1486 effi-

340 1598 343 1599 ?
415 1515 566 1600 gies
608 1518 1112 1600 personaeque,
1162 1535 1290 1580 non
1334 1523 1602 1581 statuae
1650 1524 1717 1582 et
1762 1519 1998 1605 signa,
2024 1518 2261 1615 'qualia
2304 1523 2373 1586 in
2413 1524 2557 1588 La-

408 1606 537 1680 tini
584 1619 770 1705 regia
816 1621 1403 1703 conspiciebantur.
1493 1621 1841 1705 Denique,
1886 1622 1950 1686 si
1994 1619 2123 1687 hae
2163 1624 2353 1707 ipsae
2385 1628 2558 1691 ima-

418 1719 614 1806 gines
658 1737 699 1782 a
740 1720 1017 1807 Virgilio
1082 1710 1653 1810 significarentur,
1705 1743 1835 1788 non
1891 1741 2038 1815 eam
2088 1727 2240 1790 atrii
2267 1736 2556 1817 partem,

421 1838 589 1905 quae
617 1823 1011 1886 vestibulum
1035 1831 1101 1888 et
1122 1827 1392 1915 januam
1419 1831 1794 1916 spectaret',⁷
1838 1823 1984 1927 sed¹
2011 1827 2156 1917 alas
2201 1818 2324 1910 [de
2363 1834 2550 1898 cuius

416 1924 603 1985 vocis
647 1925 1129 2011 significatione
1181 1928 1262 1992 cs.
1311 1929 1593 1992 Becker.
1646 1925 1835 1993 Gallo
1903 1930 1978 1994 T.
2024 1928 2079 2012 1,
2124 1951 2197 2015 p..-
2223 1931 2336 2007 84.-
2365 1954 2554 2022 supr.

392 2026 555 2108 cap.
602 2026 742 2104 1⁰.)
798 2030 881 2092 iis
943 2032 1348 2117 assignaret.
1436 2031 1570 2096 Hic
1621 2033 1789 2096 enim
1847 2030 2030 2096 locus
2085 2035 2437 2123 imaginum
2482 2047 2549 2106 et

354 2122 363 2125 ⁷
415 2134 844 2196 stemmatum.
902 2132 999 2198 Cf.
1057 2136 1311 2200 Vitruv.
1353 2136 1485 2217 VI,
1529 2135 1574 2201 5
1619 2139 1733 2218 (3,
1777 2138 1840 2202 6.
1887 2137 2156 2220 Schn.):
2215 2141 2552 2234 Imagines

341 2315 355 2329 .
412 2233 569 2298 item·
611 2235 746 2299 alte
790 2254 936 2301 cum
975 2241 1115 2304 suis
1159 2240 1557 2307 ornamentis
1583 2240 1667 2306 ad
1700 2242 2106 2309 latitudinem
2132 2245 2393 2316 ,alarum
2419 2254 2552 2349 sint

417 2337 831 2398 constitutae.
2087 2354 2097 2359 ·

625 2435 845 2498 Minus
904 2438 1233 2503 invidiosa
1293 2438 1556 2509 videtur
1600 2462 1682 2509 ea
1717 2447 2111 2524 ratim-nec
2150 2449 2281 2515 nisi
2325 2451 2404 2516 ob
2444 2454 2552 2520 af-

417 2521 732 2608 fectatam,
769 2554 980 2600 vanae
1023 2539 1399 2627 elegantiae
1443 2549 1732 2629 speciem
1771 2548 2093 2628 notanda,
2137 2563 2266 2635 qua
2308 2553 2550 2623 defun-

419 2642 663 2714 ctorum
706 2629 989 2703 virorum
1034 2643 1358 2732 imagines
1413 2649 1586 2714 inter
1642 2651 1952 2720 tutelaria
2005 2653 2232 2721 domus
2288 2662 2552 2727 numina

415 2745 728 2821 receptae
792 2742 1109 2828 singulari
1170 2746 1451 2829 quadam
1507 2758 1576 2815 et
1633 2752 1718 2817 ad
1780 2754 1847 2818 id
1908 2757 2177 2820 inventa
2230 2759 2564 2848 religione.

416 2839 814 2907 colebantur.
898 2845 1007 2910 De
1053 2867 1183 2931 qua
1225 2850 1389 2915 Plin.
1447 2853 1774 2933 XXXV,
1816 2860 1891 2923 2:
1955 2858 2107 2945 „Et
2157 2862 2325 2927 inter
2381 2863 2551 2933 haec

410 2941 878 3025 pinacothecas
920 2949 1257 3013 veteribus
1301 2953 1543 3048 tabulis
1572 2945 1934 3036 consuunt,
1976 2959 2360 3052 alienasque
2399 2965 2549 3030 effi·
2599 3029 2610 3050 .

411 3045 564 3129 gies
610 3044 847 3124 colunt.
934 3044 1143 3134 Iidem
1184 3052 1404 3116 vultus
1450 3053 1720 3139 Epicuri
1768 3075 1887 3142 per
1930 3060 2227 3125 cubicula
2267 3072 2551 3151 portant,

414 3163 496 3206 ac
522 3146 997 3215 circumferunt
1039 3170 1282 3217 secum.
1358 3158 1598 3244 ‘Natali
1644 3162 1789 3234 eius
1833 3163 2151 3230 vicesima
2194 3166 2385 3231 Luna
2427 3189 2581 3235 sa·

418 3245 742 3331 crificant,
786 3251 1120 3338 feriasque
1160 3258 1336 3321 omni
1373 3275 1602 3323 mense
1648 3259 2057 3344 custodiunt,
2104 3286 2270 3353 quas
2313 3271 2579 3339 icadas.
2643 3300 2647 3303 ⁴

417 3354 715 3415 vocant.“
