3119 5013
555 383 694 490 tm

560 533 814 616 tiquam
864 547 1178 620 graemnm
1216 531 1272 608 P
1315 534 1462 597 sive
1514 528 1814 620 prompta
1864 537 1933 604 in
1969 543 2456 635 ,vetustissimis
2494 543 2708 611 Italo·-

556 655 702 700 rum
764 637 1193 721 monumentis
1259 635 1650 704 confusione
1710 657 1838 722 pro
1889 641 1976 705 R*
2011 646 2291 727 positum
2353 645 2471 726 (cf.
2536 652 2717 723 enim

442 724 447 731 ’
560 737 814 803 Miiller.
865 736 948 801 de
990 735 1256 802 Etrusc.
1303 735 1371 817 1=,
1416 741 1543 817 7.),
1591 741 1715 803 erit
1755 730 2319 831 MANER‚1quae
2362 740 2720 825 vox‘nulla?

561 857 671 922 re,
727 843 855 904 nisi
902 839 1164 904 dialecti
1214 847 1327 906 aut
1373 844 1727 922 vetustatis
1772 843 2145 912 discrimine
2182 851 2264 915 ab
2294 855 2540 917 usitata
2569 855 2714 919 for-

520 970 527 975 ·
560 962 667 1011 ma
706 943 1029 1010 MANES
1072 944 1295 1013 distffat
1388 943 1578 1025 Quae
1621 948 2002 1033 inscriptis),
2029 971 2232 1053 quam
2263 959 2538 1044 egregie
2567 978 2715 1024 cum

559 1047 802 1113 Larum
860 1048 1254 1113 Pnaestitum
1318 1053 1553 1111 natura
1614 1058 1973 1137 congruat,
2035 1072 2123 1122 ex
2167 1059 2252 1121 iis
2299 1076 2480 1142 quae
2511 1062 2712 1126 Libro

561 1147 614 1214 Ι.
660 1147 817 1234 Cap.
867 1151 966 1213 14.
1014 1150 1342 1234 d1sputax
1326 1170 1493 1214 lmus
1511 1195 1534 1226 ,
1584 1155 1752 1217 satis
1800 1165 2098 1240 apparet.
2185 1162 2333 1226 Nec
2364 1163 2714 1230 obscurum

564 1268 722 1314 esse
767 1252 1044 1335 amplius
1091 1256 1342 1335 potest,
1406 1252 1723 1335 quomodo
1770 1246 2182 1340 Dionysius,
2224 1264 2333 1345 qui
2365 1282 2405 1326 a
2440 1267 2716 1331 sinistra

567 1348 654 1414 ad
717 1347 1019 1415 dextram
1080 1350 1285 1414 verba
1325 1350 1587 1437 legeret
1625 1353 1991 1421 litterarum
2034 1360 2459 1427 similitudine
2504 1365 2715 1431 dece-³-

562 1458 754 1541 ptus
769 1453 1092 1515 ΔΕΝΑΣ
1145 1454 1562 1543 interpretari
1619 1460 1919 1555 potuerit.
2021 1463 2193 1527 Nam
2249 1463 2313 1529 D
2354 1466 2621 1532 latinum
2667 1470 2712 1534 d

566 1554 880 1636 credidit,
939 1557 1192 1621 literam
1235 1558 1307 1621 M
1355 1564 1644 1640 autem,
1669 1578 1860 1643 quam
1904 1563 1972 1626 in
2013 1568 2285 1650 graecis
2332 1570 2714 1656 inscriptio-

568 1659 759 1724 nibus
819 1676 977 1743 pert
986 1658 1212 1746 ulgato
1268 1678 1391 1723 usu
1446 1659 1506 1719 Σ
1544 1662 1957 1748 significare
1974 1669 2418 1753 meminisset,
2495 1694 2612 1758 pro
2655 1674 2724 1742 S

570 1764 885 1846 scriptam
944 1779 1101 1826 esse
1147 1763 1450 1845 opinatus
1498 1770 1624 1840 est.
1711 1765 1860 1831 Hoc
1905 1773 2126 1834 tamen
2174 1789 2436 1859 semper
2487 1781 2724 1844 mirum

563 1863 900 1945 videatur,
955 1863 1125 1947 quod
1168 1864 1536 1948 Dionysius
1583 1868 1797 1931 Lares
1842 1867 1967 1934 hos
2017 1892 2134 1956 pro
2177 1876 2522 1944 Aeneae
2561 1900 2713 1966 pe-

567 1968 904 2032 natibus
957 1966 1205 2032 habere
1247 1970 1566 2051 potuerit,
1629 1975 1929 2063 quamvis
1976 1974 2153 2040 idem
2194 1979 2384 2045 modo
2429 1986 2521 2061 (c.
2563 1986 2671 2050 67.
2678 1988 2713 2065 )

571 2072 634 2135 ei
689 2070 979 2135 fabulae
1008 2062 1200 2133 fidem
1255 2068 1640 2153 habuisset,
1701 2091 1790 2136 ex
1853 2094 1982 2160 qua
2024 2077 2314 2142 Penates
2374 2086 2716 2167 antiquam

572 2169 804 2235 sedem
858 2172 1092 2234 mutari
1150 2171 1320 2234 iussi
1362 2172 1575 2235 Roma
1616 2119 1961 2240 Lavinium
2016 2184 2247 2260 sponte
2288 2199 2408 2263 per
2447 2190 2738 2248 noctem·
2773 2246 2776 2247 γ

570 2271 943 2353 redierunt,
1011 2289 1138 2337 nec
1192 2273 1463 2336 retelli
1480 2275 1715 2340 iterum
1768 2293 1847 2342 se
1899 2282 2087 2377 passi
2146 2281 2212 2344 in
2268 2282 2410 2365 ipso
2468 2283 2703 2368 oppido

569 2377 931 2443 Romanum
977 2377 1211 2440 cultum
1258 2382 1325 2440 et
1363 2377 1755 2445 sacerdotes
1801 2368 1976 2446 nacti
2020 2389 2190 2447 sunt.
2295 2381 2439 2464 Qua
2474 2404 2546 2449 re
2589 2404 2706 2450 re-
2753 2390 2764 2394 “

546 2480 742 2544 ‘etius
782 2478 993 2544 Varro
1032 2478 1110 2543 L.
1154 2479 1229 2543 L.
1271 2478 1354 2561 V,
1395 2481 1550 2560 144:
1597 2483 1915 2549 La‘vinios
1963 2485 2223 2570 quidem
2251 2486 2540 2553 Penates
2565 2489 2715 2555 Ro·-

574 2599 804 2650 manos
849 2582 1265 2665 appellat—
1305 2580 1719 2667 „Oppidu11i,
1765 2586 1936 2672 quod
1981 2593 2254 2673 primum
2298 2591 2708 2673 conditumin

472 2685 487 2710 ⁸
574 2685 769 2755 Latio
815 2686 1041 2768 stirpis
1080 2686 1457 2764 Romanae,
1517 2689 1897 2773 Lavinium3
1969 2710 2121 2768 nam
2162 2695 2254 2757 ibi
2293 2692 2413 2757 dii
2457 2713 2711 2778 pena-

573 2789 706 2851 tes
750 2786 1063 2849 nostri“
1106 2822 1186 2832 —-
1231 2784 1351 2853 sed
1383 2784 1532 2850 dum
1575 2794 1918 2852 nostros
1960 2791 2078 2863 ait,
2126 2790 2463 2853 eosdem
2509 2792 2738 2857 deos·

577 2887 816 2955 iterato
858 2887 1032 2951 cultu
1073 2889 1324 2957 Romae
1367 2887 1598 2951 aedem
1644 2895 1711 2951 et
1744 2888 2096 2951 simulacra
2137 2887 2384 2950 habere
2424 2897 2664 2976 negat

781 2988 1144 3073 Dionysius
1197 2991 1402 3076 igitur
1460 2990 1613 3072 quin
1675 2995 1774 3053 tot
1815 2990 2221 3076 argumentis
2266 2994 2514 3054 erroris·
2551 3003 2738 3056 reus,

579 3088 792 3155 falsus
836 3093 926 3157 sit
938 3136 983 3172 ,2
1003 3094 1155 3176 quin
1195 3077 1536 3174 temfplum,
1599 3089 1773 3174 quod
1817 3092 1966 3175 ipse
2008 3091 2720 3172 Penatiumcrederet,

577 3194 819 3260 Larum
847 3198 1063 3281 potius
1078 3197 1500 3273 praestitum,
1532 3192 1765 3260 domus
1793 3201 2012 3261 autem
2041 3195 2204 3260 illae*
2221 3197 2457 3283 regiae
2478 3197 2743 3282 singu--

581 3295 1331 3362 latimfcommemoratae
1377 3296 1675 3378 eaedem,
1721 3316 2072 3382 eorumque
2110 3297 2441 3381 penetral,
2480 3300 2720 3363 atrium

578 3398 870 3466 fortasse
899 3399 1269 3463 Tuscanico
1308 3398 1498 3464 modo
1542 3405 1784 3483 tectum
1819 3387 2153 3482 (ὑπεροχῇ
2179 3396 2512 3462 σκοτεινόν
2536 3401 2742 3463 -ιιί5ὶι

583 3498 753 3565 haec
788 3501 996 3564 verba
1036 3499 1122 3563 ad
1162 3502 1602 3566 imminentem
1628 3501 1860 3567 Veliae
1904 3499 2133 3564 collem
2176 3501 2430 3566 referre
2469 3501 2733 3592 malae-2
2802 3535 2820 3560 ι

585 3607 716 3685 ris)
747 3605 989 3673 Larum
1031 3602 1238 3668 aedes
1281 3606 1518 3682 fuerit,
1558 3593 1800 3672 nemini
1844 3605 2095 3671 confido
2138 3608 2415 3692 amplius
2462 3606 2730 3675 dubium-

573 3704 836 3786 'videri,
902 3723 1026 3770 nec
1085 3704 1169 3771 de
1225 3708 1516 3793 regionis
1559 3708 1754 3786 illius,
1779 3710 1913 3774 situ
1961 3713 2029 3773 et
2070 3715 2307 3773 natura
2347 3697 2748 3799 ambigendb

583 3807 793 3876 locum
831 3804 1120 3872 relictum
1164 3826 1322 3874 esse
1368 3809 1584 3875 credo.
1677 3809 1819 3891 Quo
1865 3811 2055 3875 simul
2098 3809 2409 3895 redargui
2434 3808 2588 3873 mihi
2618 3812 2728 3875 vi-

588 3908 778 3975 detur
813 3908 1260 3976 eaBunsenii
1304 3913 1569 3995 opinio,
1642 3911 1816 3995 quod
1877 3914 2177 3998 quamvis
2233 3912 2381 3992 ipse
2427 3911 2556 3975 sibi
2595 3931 2752 3980 non.

586 4018 899 4078 constans
945 4029 1259 4076 summam
1302 4032 1564 4091 sacram
1608 4014 1778 4079 viam
1825 4012 2100 4078 eandem
2141 4026 2301 4078 esse
2341 4030 2487 4076 cum
2527 4032 2727 4078 sacro

585 4115 755 4181 clivo
798 4115 1173 4198 suspicatur
1218 4116 1319 4199 (p.
1362 4114 1467 4180 83.
1510 4114 1576 4180 ll.
1636 4114 1885 4181 Die-ser
1923 4112 2117 4196 διεὶς]
2157 4148 2244 4160 -
2282 4113 2506 4179 clivus·
2530 4134 2730 4180 sacer
2751 4117 2768 4180 >⁷

581 4246 671 4262 -·
709 4214 916 4281 heis-st
955 4217 1132 4283 auch
1171 4217 1289 4283 die.
1307 4216 1545 4284 Hoehe
1589 4219 1713 4284 der
1747 4215 1976 4283 Sacra
2020 4216 2190 4297 via).
2276 4219 2449 4284 Nam
2472 4237 2514 4283 a
2534 4225 2752 4303 porta*-

582 4318 899 4405 Mugonia
955 4336 1195 4402 versus
1236 4320 1457 4386 *forum
1508 4319 1933 4406 prospicienti
1983 4337 2028 4385 a
2069 4326 2260 4409 tergo
2314 4326 2457 4388 erat
2512 4319 2753 4385 clivus.
