3119 5013
2406 395 2530 463 111

397 570 629 630 sacer,
674 557 912 646 contra·
947 553 1067 614 via·
1096 566 1295 613 sacra
1338 542 1750 628 dextrorsum
1799 555 1867 612 et
1906 549 2350 614 sinistrorsum
2377 555 2531 614 ten-

400 657 634 740 debat,
684 658 893 719 ita-ut
936 654 1048 718 illa
1089 659 1281 738 porta
1323 651 1406 715 ab
1447 653 1754 716 inferiore
1798 650 1983 736 parte‘
2027 653 2365 720 clauderet
2407 654 2532 723 cli-

382 779 584 838 vum,
646 777 778 822 non
818 768 1150 822 asumma
1204 757 1539 840 inciperet.
1646 755 1954 841 Alioquin
2016 758 2186 820 enim
2228 757 2530 840 templum

275 911 290 928 f
394 862 593 928 Jovis
633 860 925 927 Statoris
965 863 1031 925 in
1076 878 1323 924 summo
1349 857 1588 939 Palati-i
1632 859 1927 945 margine
1967 856 2034 922 et
2073 876 2227 923 arce
2255 862 2534 943 positum

397 965 615 1029 fuisse
659 980 943 1026 necesse
990 967 1193 1024 esset.
1256 951 1471 1039 Quod
1519 965 1589 1024 ut
1632 979 1775 1024 cum
1802 959 2241 1044 descriptione
2270 978 2533 1048 pugnae

402 1052 698 1129 Sabinae
756 1059 926 1146 apud
970 1062 1228 1124 Linum
1275 1057 1378 1139 (Ι,
1420 1059 1554 1139 12.)
1613 1061 1975 1124 consociari
2019 1079 2145 1124 non
2191 1067 2410 1144 potest
2448 1090 2533 1108 ———

385 1166 721 1251 quomodo
780 1168 949 1229 enim
993 1165 1273 1229 Romani
1315 1168 1520 1228 totum
1566 1163 1802 1228 clitum
1850 1170 2205 1253 angustum
2241 1165 2531 1247 profecto

404 1274 473 1332 et
512 1269 714 1353 probe
754 1267 1064 1330 munitum
1112 1278 1374 1329 sursum
1414 1264 1842 1351 fugarentur?
1873 1254 1972 1312 ⁸—-
2013 1266 2107 1329 ita
2150 1273 2377 1330 nostra
2420 1283 2533 1329 ra-

399 1373 492 1437 tio
546 1389 691 1435 cum
745 1372 1007 1452 antiquo
1062 1384 1253 1431 arces
1311 1364 1788 1430 cummuniendi
1845 1384 2022 1430 more
2077 1369 2315 1449 optime
2371 1374 2531 1431 con·-

400 1476 597 1561 gruit.
687 1470 858 1537 clivi
912 1473 1082 1534 enim
1139 1466 1562 1539 circumducti
1621 1468 1891 1531 collibus
1937 1468 2019 1531 ab
2065 1468 2379 1532 alterutra
2424 1473 2537 1532 aut

394 1576 487 1639 ab
543 1579 822 1658 utraque
863 1579 1059 1658 parte
1098 1579 1453 1659 et-summwa
1498 1577 1566 1634 et
1602 1570 1818 1633 infima
1856 1573 2060 1654 portis
2098 1570 2304 1635 clausi
2347 1576 2535 1653 erant
2591 1584 2594 1587 ’

396 1678 526 1760 (cf.
573 1675 765 1742 eund.
804 1677 1100 1759 ‘Bunsem
1142 1675 1219 1739 T.
1262 1672 1331 1754 Ι,
1377 1694 1437 1757 p.
1481 1673 1693 1751 6192).
1791 1675 1968 1755 Nec,
2040 1675 2100 1736 si
2163 1673 2370 1737 clivus
2426 1674 2535 1738 ille

393 1783 475 1846 -in
519 1799 768 1844 summo
811 1780 1068 1843 Palatio
1126 1777 1424 1858 finiebat,
1477 1770 1699 1859 ibique
1736 1782 1924 1859 porta
1960 1775 2276 1862 Mogonia
2315 1782 2381 1839 et
2421 1791 2537 1839 re·-

404 1885 516 1969 gis
575 1880 926 1945 sacrificuli
985 1879 1216 1944 domus
1276 1882 1452 1957 erat,
1517 1893 1731 1959 eaque
1790 1877 1975 1963 regio
2038 1896 2286 1940 summa
2341 1888 2537 1941 sacra

401 2005 444 2050 ι
449 1988 544 2049 ia
532 1984 940 2064 dicebatur,
976 1978 1302 2067 quomodo
1337 1978 1489 2044 hinc
1515 1977 1603 2042 ad
1633 1977 1940 2044 Streniae
1971 1980 2279 2045 sacellum
2304 1983 2539 2044 tertiae

358 2104 367 2111 “
400 2105 645 2153 sacrae
686 2088 839 2150 viae
885 2103 1044 2169 pars
1089 2082 1364 2148 tendere
1406 2088 1638 2166 potuer
1642 2083 1727 2162 lt
1769 2083 1900 2145 nisi
1935 2080 2145 2147 haec
2128 2100 2279 2168 ipsa
2308 2084 2540 2197 iteruin

407 2192 616 2257 clivus
659 2190 891 2318 fuerit,
950 2189 1331 2275 perspicere
1371 2203 1741 2268 possumus,

1256 2332 1494 2417 Gap.
1538 2337 1679 2403 19

411 2426 532 2532 De
594 2456 953 2524 Laribus
1012 2452 1602 2522 Praestitibus
1666 2455 1746 2517 et
1806 2424 2306 2540 Penatibus
2326 2454 2405 2521 P.
2452 2456 2591 2533 RN

380 2558 381 2562 ’
412 2562 766 2660 passim
823 2557 1236 2645 confusis.
1281 2595 1366 2606 —-
1461 2556 1586 2624 De
1633 2554 2104 2628 Penatibus
2146 2556 2496 2625 Lauinii

1353 2660 1626 2724 cultis.
2384 2681 2403 2694 ··

613 2797 854 2862 Verum
914 2799 984 2857 ut
1033 2749 1120 2872 ad
1166 2809 1249 2858 ea
1290 2785 1675 2880 redeamus,
1731 2796 1967 2879 quibus
2009 2794 2314 2880 Dionysii
2360 2783 2542 2863 error

400 2900 918 2965 exeusationem·
962 2894 1210 2960 habere
1265 2899 1537 2982 possit,
1595 2899 2122 2982 quaeque-simul
2165 2899 2410 2984 aliquid
2454 2899 2540 2966 ad
2619 2979 2624 2982 ,

409 3000 860 3068 illustrandam
902 2999 1244 3063 Penatium
1306 3005 1638 3080 naturam,
1710 3000 1963 3084 qualem
2007 3002 2284 3066 Romani
2340 3004 2538 3091 vulgo

414 3107 545 3186 sitii
594 3103 931 3179 finxerint,
992 3102 1218 3165 facere
1276 3100 1653 3164 videantur:
1719 3105 1818 3166 sic
1878 3095 2373 3167 existimandum
2416 3111 2543 3184 est,

417 3224 607 3289 quum
649 3205 861 3266 Lares
917 3205 1043 3287 ipsi
1086 3204 1429 3290 Penatium
1488 3204 1872 3268 coniunctim
1929 3212 1996 3269 et
2048 3207 2114 3268 in
2169 3201 2541 3270 universum

414 3306 728 3369 dictorum
772 3321 1035 3368 numero
1084 3306 1606 3385 continerentur,
1660 3304 1858 3389 idque
1899 3324 2024 3369 non
2060 3306 2249 3370 modo
2294 3306 2355 3369 in
2401 3310 2548 3391 pri-

415 3408 594 3473 vatis
648 3404 928 3480 aedibus
946 3453 964 3485 ,
1034 3406 1153 3470 ubi
1209 3408 1590 3486 consociata
1647 3425 1906 3491 semper
1962 3415 2371 3492 utrorumque
2413 3428 2543 3478 nu-

413 3513 652 3577 minum
694 3510 1030 3571 veneratio
1076 3510 1380 3594 (eficap.
1427 3510 1564 3589 4.),
1605 3509 1726 3573 sed
1774 3514 1969 3575 etiam
2014 3515 2082 3576 in
2123 3513 2541 3579 Troianorum

414 3615 658 3679 Larum
709 3605 916 3687 cultu,
988 3626 1148 3690 quos
1207 3612 1377 3674 inter
1414 3611 1703 3674 Penates
1747 3614 2035 3675 civitatis
2080 3607 2371 3697 publicos
2413 3613 2540 3678 ha-·

411 3714 664 3781 bendos
719 3728 877 3776 esse
937 3714 1250 3774 communi
1291 3710 1420 3775 fide
1459 3713 1708 3779 ferrent
1752 3714 1918 3795 (vid.
1964 3734 2019 3778 c.
2067 3715 2230 3797 15.],
2276 3720 2544 3781 evenire

418 3819 609 3881 facile
653 3816 978 3900 potuisse,
1032 3821 1114 3876 ut*
1141 3817 1249 3897 qui
1289 3817 1500 3878 minus
1531 3824 1840 3881 accurate
1866 3818 2300 3900 loquerentur,
2344 3822 2541 3885 etiam

414 3915 541 3979 hos
583 3919 832 3997 LareS‚
897 3913 1161 3978 Romuli
1194 3914 1514 3997 Remique
1555 3915 1745 3980 divos
1791 3918 2040 3981 animos
2083 3918 2371 3984 Penates
2413 3940 2543 3986 non

418 4017 607 4082 modo
651 4017 973 4096 dicerent,
1013 4036 1233 4116 verum
1281 4018 1473 4080 etiam
1520 4085 1521 4090 ,
1561 4079 1570 4082 ,ι
1601 4039 1738 4102 rum
1789 4022 2136 4107 originem,
2177 4039 2371 4105 quam
2402 4043 2548 4088 om-

419 4122 594 4185 nium
648 4125 1058 4183 externarum
1109 4117 1489 4203 superstion'
1546 4131 1549 4134 ’
1597 4119 1612 4130 ’“
1652 4140 1873 4204 puram
1924 4127 1991 4186 et
2046 4140 2206 4187 vere
2248 4124 2544 4193 Italicam

322 4303 336 4306 “
420 4239 581 4287 esse
624 4215 901 4285 vidimus
937 4223 1055 4300 (cf.
1083 4224 1160 4286 L.
1205 4222 1259 4303 Ι,
1302 4223 1400 4285 14.
1402 4224 1460 4303 ),
1503 4223 1594 4314 ad
1618 4224 1909 4288 Aeneam
1940 4231 2267 4291 auctorem
2296 4231 2543 4296 referre
2617 4231 2620 4236 '

332 4315 333 4320 ’
419 4329 843 4393 conarentur.
930 4326 1154 4408 Atque
1214 4328 1310 4396 ita
1362 4326 1570 4391 semel
1618 4327 1862 4391 iniecta
1905 4326 2231 4393 Troianae
2269 4334 2544 4421 originis

2048 4429 2177 4496 8}
