3119 5013
2463 383 2561 453 ⁵3

272 530 279 534 ’
396 542 652 611 Plinius
692 543 1013 604 memorat
1052 550 1140 586 -’-
1191 543 1264 602 et
1301 538 1433 602 iam
1481 542 1635 602 tunc
1692 554 1975 603 coronae
2012 536 2280 605 deorum
2320 538 2528 611 honos

344 638 347 645 ’
401 647 595 723 erant
666 646 738 705 et
791 640 1061 715 Larium
1111 638 1510 724 publicorum
1583 640 2109 722 privatorumque
2163 659 2245 705 ac
2296 641 2536 727 sepul-v

405 758 662 806 crorum
702 747 771 806 et
792 741 1089 806 Manium
1127 739 1398 805 —„lu,ce
1441 739 1681 803 clarius
1724 737 1852 804 hoc
1891 741 2068 802 ritus·
2097 738 2356 822 quidam
2400 741 2525 806 de-
2615 772 2620 781 ·

403 849 744 925 monstrat,
784 860 979 928 quem
1002 842 1384 907 Macrobius
1416 839 1563 913 Sat.
1581 840 1651 922 Ἰ,
1674 842 1735 904 7.
1777 841 1880 907 sic
1910 838 2257 906 describit:
2294 834 2525 921 „Qua-

402 943 530 1010 lem
589 963 760 1010 nunc
792 945 1370 1029 permutationem
1425 943 1734 1008 sacrificii
1789 944 2165 1007 memorasti
2175 988 2226 1023 ,ἦ
2268 943 2527 1009 invenio

398 1053 638 1131 postea
678 1043 1147 1131 Compitalibus
1192 1044 1626 1121 celebratam,
1670 1063 1814 1110 cum
1854 1043 1989 1113 ludi
2033 1038 2172 1129 per*
2195 1044 2423 1108 urbem
2458 1047 2528 1109 in

397 1149 696 1232 compitis
747 1147 1204 1237 agitabantur,
1261 1148 1544 1213 restituti
1588 1147 1846 1212 scilicet
1898 1164 1940 1210 a
1980 1147 2337 1239 Tarquinio
2384 1144 2527 1212 Su-
2597 1220 2604 1225 ἡ

393 1251 598 1333 perbo
641 1250 926 1315 Laribus
979 1266 1060 1314 ac
1099 1249 1367 1315 Maniae
1426 1266 1515 1313 ex
1551 1265 1891 1333 ,responso
1936 1248 2340 1332 AppolliniS,
2397 1267 2525 1332 quo

372 1358 819 1439 'praeceptum
858 1356 1014 1433 est,
1083 1356 1158 1415 ιιι
1223 1370 1339 1435 pro
1415 1351 1741 1436 capitibus
1799 1352 2303 1435 supplicaretur.
2402 1348 2525 1414 Id-

394 1469 523 1535 que
563 1451 959 1536 aliquamdiu
1003 1453 1453 1535 observatum,
1495 1458 1569 1517 ut
1608 1472 1723 1537 pro
1767 1453 2154 1518 familiarum
2198 1452 2526 1536 sospitate
2637 1504 2658 1515 ι

394 1551 583 1632 pueri
641 1556 1086 1616 mactarentur
1140 1548 1406 1633 Maniae
1455 1550 1649 1616 Deae
1705 1553 1898 1616 matri
1951 1552 2235 1617 Larium.
2334 1547 2527 1631 Quod
2585 1552 2590 1555 “

380 1649 705 1715 sacrificii
773 1669 992 1740 genus
1060 1649 1291 1721 Iunius
1342 1652 1589 1741 Brutus
1652 1653 2005 1736 Tarquinio
2076 1652 2263 1736 pulso
2334 1646 2528 1721 aliter

395 1752 736 1817 constituit
765 1751 1246 1819 celebrandum.
1331 1754 1502 1819 Nam
1537 1754 1860 1837 capitibus
1889 1753 2025 1817 allii
2067 1758 2137 1817 et
2171 1753 2526 1837 papaveris

394 1852 752 1937 supplicari
805 1854 1038 1946 iussit}¹
1086 1844 1174 1898 —'—
1224 1853 1600 1938 factumque
1642 1862 1751 1919 est
1772 1900 1792 1934 ,
1848 1860 1921 1919 ut
1963 1854 2224 1941 effigies
2259 1854 2526 1918 Maniae

391 1969 771 2039 suspensae
812 1975 929 2040 pro
972 1955 1377 2044 singulorum
1410 1957 1660 2021 foribus
1675 2003 1698 2038 ,
1739 1954 2095 2040 periculum
2133 1952 2355 2041 siquid
2396 1957 2525 2019 im·-

391 2057 666 2122 mineret
698 2059 961 2124 familiis
1012 2060 1390 2143 expiarent:
1443 2056 1770 2143 ludosque
1813 2060 1999 2144 ipsos
2043 2076 2130 2122 ex
2169 2060 2297 2122 viis
2342 2075 2526 2123 com-

388 2159 671 2241 pitorum
736 2160 806 2223 in
863 2159 1099 2244 quibus
1164 2161 1624 2249 agitabantur,
1715 2157 2111 2243 Compitalia
2171 2159 2525 2243 appellita-
2642 2194 2658 2201 ·

391 2264 645 2325 verunt.
661 2259 707 2296 “
812 2262 986 2327 Nam
1053 2259 1226 2346 quod
1313 2262 1639 2347 capitibus
1711 2262 1923 2333 solum
1993 2260 2348 2346 supplicari
2411 2261 2521 2329 fas
2623 2280 2636 2291 “

389 2350 605 2427 fuisse
644 2361 773 2440 ait,
829 2363 975 2444 quis
1020 2361 1144 2427 hoc
1199 2362 1288 2428 ad
1343 2366 1681 2447 antiquam
1742 2363 2146 2446 piaculorum
2191 2365 2526 2447 supersti-

394 2460 639 2524 tionem
680 2405 931 2523 ιθιετιθ
977 2459 1411 2545 dubitaverit,
1450 2481 1600 2547 qua
1652 2482 1784 2546 pro
1828 2462 2155 2535 damnatis
2199 2461 2526 2550 hominum

400 2558 729 2642 capitibus
771 2560 1176 2640 victimarum
1218 2564 1436 2645 capita
1466 2563 1776 2628 substitui
1815 2580 2020 2647 posse
2063 2545 2529 2628 existimaren-

395 2665 522 2725 tur.
614 2657 789 2750 Quid
835 2659 1055 2726 enim?
1141 2662 1221 2729 Si
1264 2665 1543 2751 singula
1598 2663 1925 2733 hominum
1980 2665 2201 2748 capita
2243 2665 2528 2752 singulis

358 2764 663 2829 ‘aliorum
720 2767 1045 2850 capitibus
1082 2768 1413 2852 expianda
1472 2777 1662 2836 erant
1705 2804 1791 2816 -
1839 2769 1969 2838 ιιοο
2021 2771 2191 2835 enim
2233 2770 2530 2836 voluisse

381 2881 726 2942 ‚sacrorum
767 2866 1041 2952 istorum
1082 2853 1480 2952 interpretes
1492 2916 1513 2951 ,
1574 2877 1642 2934 et
1681 2869 1791 2937 hic
1823 2873 1972 2956 ipse
2012 2869 2235 2947 locuS‚
2277 2876 2348 2935 et
2387 2871 2527 2934 Fe·-

389 2970 540 3030 stus
582 2983 638 3028 s.
668 2983 732 3028 v.
757 2964 979 3047 Pilae,
1022 2984 1214 3051 quem
1252 2969 1435 3033 infra
1455 2957 1843 3047 citabimus,
1888 2970 2185 3036 declarat
2221 3008 2308 3019 —-
2349 2970 2525 3038 unde

371 3063 718 3154 ⁸hominum
759 3066 1096 3134 multitudo
1139 3078 1558 3154 suppeteret,
1602 3093 1875 3157 quorum
1911 3091 2174 3159 semper
2215 3091 2523 3141 numerus

391 3165 859 3247 superstitibus
897 3186 1020 3253 par
1055 3171 1424 3250 immolatus
1438 3220 1462 3255 ,
1502 3194 1659 3239 mox
1701 3192 1952 3241 omnem
1979 3177 2345 3250 Romanum
2387 3177 2526 3241 Po-

395 3264 612 3348 pulum
655 3275 1114 3360 consumturus
1143 3275 1333 3338 ‘ei-at.
1423 3274 1567 3355 Quo
1612 3276 1964 3342 absurdius
2004 3276 2356 3362 quidquam
2395 3277 2525 3344 fin·-

395 3368 471 3452 gi
510 3384 711 3450 posse
752 3387 1094 3458 negamus.
1181 3376 1355 3439 Nam
1391 3379 1733 3461 quominus
1775 3379 2180 3464 captivorum
2215 3386 2329 3443 aut
2369 3399 2536 3452 ser-s

403 3484 632 3530 vorum
679 3466 988 3534 caedibus
1045 3469 1380 3558 perpetuis
1425 3478 1611 3542 cives
1664 3478 1747 3542 ab
1792 3478 2141 3544 inferorum
2192 3486 2526 3564 potestate

380 3551 771 3656 τίιιάἰὶιιιιρε
840 3587 1002 3639 esse
1067 3577 1213 3659 quis
1275 3579 1576 3644 obiiciat·
1654 3581 1782 3663 ipsi
1846 3582 2027 3645 servi
2082 3582 2277 3646 simili
2329 3582 2544 3667 plane*

391 3667 585 3735 modo
640 3673 897 3757 expiati
955 3677 1706 3768 sunt.1magunculae
1762 3684 1964 3771 igitur
2011 3684 2203 3750 Deae
2255 3685 2523 3750 Maniae

396 3770 459 3851 ιι.
499 3790 561 3834 e.
592 3772 789 3857 apud
818 3775 1072 3841 inferos
1107 3784 1354 3861 potenti
1391 3782 1559 3847 dicis
1604 3802 1812 3872 causa
1846 3804 2250 3870 suspensae,
2291 3791 2362 3850 ut
2403 3804 2522 3868 per

282 3883 290 3891 ·
399 3868 523 3937 has
562 3876 823 3941 funesto
884 3880 1128 3943 numini
1185 3883 1353 3947 satis
1392 3884 1614 3966 tieret,
1672 3888 1929 3951 animae
1965 3897 2181 3953 autem
2228 3896 2524 3952 mortuo-

303 3976 313 3986 ”
400 3990 541 4040 rum
580 3976 826 4049 interno
868 3980 991 4044 iuri
1030 3986 1297 4067 proprie
1335 3984 1644 4054 addictae
1682 3987 1806 4055 hoc
1843 3992 2226 4073 interposito
2263 3990 2521 4073 piaculo

398 4092 661 4139 sursum
712 4082 1210 4154 remitterentur.
1300 4085 1488 4169 Quod
1546 4095 1852 4176 quoniam
1897 4092 2210 4175 imprimis
2252 4088 2523 4176 Compi-

398 4175 641 4259 talibus
691 4183 905 4248 sacris
961 4185 1206 4254 factum
1249 4189 1865 4274 animadvertimuS,
1906 4194 2122 4256 Lares
2165 4195 2523 4277 praestites
2649 4205 2656 4216 ¹

349 4282 467 4350 --et
501 4275 902 4367 Compitales
934 4287 1108 4372 ipsi,
1150 4308 1419 4376 quorum
1458 4294 1528 4359 in
1553 4292 1869 4400 honorem
1908 4290 1979 4359 hi
2014 4290 2152 4360 ludi
2192 4294 2527 4376 celebrati,
