3119 5013
2437 395 2527 460 ι,
2564 391 2590 405 ,.

370 545 505 617 diei
561 544 829 637 religio,
876 532 1227 642 artissime=
1259 571 1401 619 cum
1441 550 1846 621 Feraliorum
1898 561 2113 626 saeris
2157 563 2520 633 coniuncta,

266 700 275 703 „
373 670 549 737 quae
588 651 804 737 pridie
846 650 1180 720 Charistia
1217 654 1497 738 fiebant,
1553 661 1672 737 ea,
1725 675 1896 743 quae
1931 673 2138 745 'supra
2176 664 2260 729 de
2299 662 2519 744 indis'-
2589 674 2596 684 ‘

372 758 576 822 eretis
606 757 895 823 Manium
919 761 1293 844 Larumque
1314 762 1683 826 numinibus
1713 760 2216 846 disputavimus,
2259 774 2325 830 et
2348 788 2518 852 quae

376 855 463 920 de
504 858 896 942 publicorum
936 859 1179 923 Larum
1217 861 1396 925 cultu
1434 860 1610 925 infra
1636 858 1872 926 dicturi
1910 880 2171 944 sumus,
2216 864 2516 932 affirmat.

243 946 249 957 '
366 960 538 1025 Nam
568 976 760 1044 quum
802 952 1037 1027 feralia
1060 963 1210 1046 ipsa
1250 960 1408 1027 nihil
1433 964 1566 1039 nisi
1593 979 1798 1029 verae
1838 962 2312 1049 parentationis
2338 970 2516 1033 mor-

331 1117 339 1130 .
368 1058 750 1145 tuorumque
785 1062 1182 1147 expiationis
1211 1062 1648 1145 simulacrum,
1690 1066 2043 1144 memoriae
2066 1078 2272 1130 causa
2297 1068 2364 1131 in
2390 1065 2517 1132 ho-

236 1154 244 1163 ’
365 1177 589 1229 norem
646 1161 732 1227 Ι).
786 1162 1271 1248 M.·repet1tum
1282 1210 1307 1247 ,
1372 1171 1595 1246 esset,
1652 1162 1881 1230 eodem
1932 1164 2124 1231 modo
2184 1186 2311 1251 quo
2364 1175 2530 1252 post,

342 1264 556 1357 ,finem
599 1253 912 1331 'funestae
965 1265 1254 1331 familiae
1302 1265 1546 1333 factum
1588 1266 1749 1332 Lari
1798 1285 2122 1367 veryeces
2167 1271 2513 1335 sacrifiea—

284 1420 289 1425 .
360 1374 468 1434 tos
524 1384 687 1432 esse
728 1367 961 1434 Cicero
1009 1368 1200 1435 doeet
1220 1415 1244 1452 ,
1297 1368 1634 1436 Charistia
1675 1371 1973 1436 Larum
2011 1386 2210 1436 saera
2249 1372 2512 1437 Ferali-

360 1470 488 1534 bus
549 1468 861 1535 adiuneta
927 1475 1102 1536 sunt.
1200 1468 1408 1534 (huius
1465 1471 1637 1534 ritus
1694 1466 2012 1556 originem
2064 1471 2239 1537 sieut
2296 1474 2512 1536 omnia

361 1572 505 1637 fere
544 1572 883 1635 Romanae
925 1572 1330 1653 antiquitatis
1367 1588 1567 1637 sacra
1592 1604 1678 1617 -
1702 1588 1853 1636 nam
1894 1568 1981 1634 de
2018 1571 2332 1636 feralibus
2358 1572 2512 1636 vul-

238 1726 243 1733 .
361 1690 454 1759 go
500 1669 667 1735 haee
719 1669 887 1734 fides
944 1671 1221 1741 obtinuit
1260 1704 1347 1717 -
1383 1670 1451 1733 in
1496 1665 1809 1737 Aeneam
1866 1674 2202 1734 auctorem
2257 1669 2513 1735 referre

359 1773 662 1838 voluisse
697 1770 1016 1860 Virgilius
1060 1767 1339 1834 videtur.
1426 1771 1599 1834 Nam
1639 1767 1748 1834 hie
1789 1768 2222 1853 postridie
2264 1787 2513 1855 paren-
2571 1804 2576 1817 ·

354 1871 530 1937 tales
588 1869 781 1956 ludos
838 1869 1294 1933 anniuersario
1343 1872 1548 1936 sacro
1602 1870 1672 1933 in
1728 1867 2039 1934 honorem
2093 1875 2511 1954 paternorum

352 1974 647 2038 Manium
686 1948 1065 2052 institutos,
1122 1971 1331 2053 patris
1384 1966 1676 2059 imagine
1731 1976 1930 2036 noctu
1983 1971 2172 2067 coelo
2231 1970 2509 2059 delapsa

248 2136 257 2139 γ
355 2083 426 2142 et
467 2092 587 2162 per
618 2076 1014 2139 insomnium
1056 2074 1210 2136 visa
1246 2070 1444 2138 docet
1487 2075 1660 2140 Aen.
1707 2073 1789 2155 V,
1823 2072 1991 2137 ¹743·

423 2216 573 2267 Haec
605 2226 900 2264 merum-ans
934 2213 1155 2263 cinerem
1189 2215 1239 2260 et
1273 2211 1476 2278 sopitos
1510 2210 1735 2262 suscitat
1765 2204 1908 2274 tyria
2314 2253 2322 2263 .

426 2300 995 2364 Pergameumque
1029 2297 1302 2360 Larem,
1337 2301 1388 2345 et
1427 2309 1656 2345 canae
1678 2295 2084 2359 penetralia
2124 2294 2375 2348 Vestae

427 2384 602 2434 Fme
634 2383 740 2448 pio·
758 2388 810 2430 et
842 2380 1000 2446 plena
1039 2379 1267 2443 supplex
1299 2385 1581 2431 meraten-
1618 2391 1831 2429 acerra.

356 2497 546 2565 Idem
572 2490 789 2562 autem
828 2494 936 2560 hic
963 2490 1438 2559 charistiorum
1479 2489 1626 2555 dies
1654 2491 1871 2556 Lares
1913 2494 2257 2579 generis
2302 2490 2454 2558 deo
2471 2513 2508 2557 s

250 2635 276 2650 .‚
362 2605 433 2665 et
468 2598 755 2665 familiae
794 2601 1134 2682 quatenus
1179 2589 1474 2657 eiusdem
1501 2590 1775 2678 originis
1816 2591 2095 2657 vinculis
2138 2594 2359 2657 iuncta
2404 2599 2512 2658 est

357 2699 709 2787 praesules
764 2698 981 2764 fuisse
1036 2694 1464 2761 demonstrat.
1533 2693 1722 2757 Nam
1766 2693 1893 2758 soli
1938 2695 2208 2781 cognati
2249 2699 2317 2759 et
2357 2694 2532 2786 ”ffi‘r

358 2818 483 2867 nes
527 2803 593 2865 in
646 2798 842 2864 huius
888 2789 1041 2862 diei
1075 2794 1389 2860 honorem
1432 2789 1916 2859 adhibebantur
1960 2790 2191 2873 (Ovid.
2252 2793 2294 2858 1.
2338 2792 2378 2857 l.
2441 2798 2511 2857 et

356 2888 576 2966 Valer.
612 2899 794 2970 Max.
838 2894 929 2979 11,
969 2897 1067 2976 1.)
1109 2895 1443 2978 laresque,
1477 2893 1717 2977 quibus
1751 2908 1994 2958 sacrae
2028 2889 2238 2976 dapes
2281 2894 2511 2958 mitte-

356 3005 625 3083 bantur,
667 2999 940 3066 disertis
983 2997 1206 3072 verbis
1250 2991 1363 3060 dii
1404 2995 1761 3084 generis
1804 2995 1999 3060 boni
2051 2993 2138 3058 ab
2181 2991 2420 3060 Ovidio
2462 2993 2506 3058 1.
2599 3037 2606 3040 -

357 3104 402 3169 l
446 3104 525 3168 V.
553 3103 700 3168 631.
749 3099 1180 3198 appellantur.
1265 3096 1451 3161 Hine
1485 3105 1553 3161 et
1592 3094 1914 3162 bullarum
1958 3098 2397 3177 consecratio,
2442 3102 2510 3160 et

357 3205 569 3273 tutela
607 3206 1016 3289 nuptiarum,
1064 3217 1233 3285 quas
1272 3196 1504 3264 felices
1549 3202 1619 3261 et
1658 3193 1985 3261 fecundas
2035 3194 2316 3259 reddere
2360 3212 2512 3260 cre·
2539 3205 2554 3212 “

360 3307 720 3386 debantur,
758 3303 934 3370 unde
974 3303 1190 3368 Plaut.
1236 3298 1389 3366 Aul.
1434 3294 1539 3378 11,
1582 3296 1666 3378 7,
1709 3296 1825 3360 16:
1879 3293 2127 3377 „Haec
2168 3296 2513 3380 imponen-

303 3465 308 3474 .
356 3417 469 3476 tur
509 3408 577 3471 in
615 3407 763 3470 foco
805 3412 1031 3471 nostro
1074 3397 1311 3486 Lari,
1353 3407 1428 3467 ut
1465 3400 1969 3466 fortunatas
2014 3397 2528 3484 saciatssgnataess

350 3508 776 3597 'nuptiasf‘

1254 3675 1463 3764 cap.
1504 3679 1593 3749 6.

446 3799 567 3882 De
606 3807 855 3899 qenio
897 3799 1285 3873 υῑνονιιηὶ
1324 3810 1403 3871 et
1441 3807 1538 3873 de
1572 3761 1917 3874 Jm'g'one
1958 3804 2423 3873 mulierum

565 3915 801 4016 Itaque
839 3946 974 3995 non
1015 3941 1232 4011 aeque
1270 3925 1567 3991 omnibus
1607 3926 1785 3993 illum
1821 3922 2137 3992 honorem
2177 3921 2507 4015 defunetis

360 4032 704 4113 tributum,
739 4028 864 4096 sed
907 4026 1198 4094 familiae
1243 4023 1576 4112 quondam
1615 4024 1962 4110 praesides
2023 4041 2188 4111 prae
2228 4008 2518 4092 caeteris

358 4139 515 4222 post
555 4138 828 4197 mortem
871 4129 1063 4195 divos
1109 4126 1413 4192 domuum
1442 4130 1511 4188 et
1532 4122 1780 4212 finium,
1826 4142 1993 4209 quos
2037 4123 2175 4188 vivi
2197 4129 2516 4188 rexerant
2605 4173 2614 4176 γ

328 4226 428 4301 ἐι
466 4238 820 4313 auxerant,
861 4237 1112 4330 tutores
1155 4227 1419 4306 habitos
1454 4243 1616 4294 esse
1646 4231 2160 4305 consentaneum
2181 4229 2307 4293 est.
2375 4221 2516 4291 Co·-
2631 4283 2640 4298 ‚
