3119 5013
2079 381 2242 400 .-oe4⁶·
2270 376 2298 398 j,
2475 364 2551 400 ιι..
2579 384 2589 394 n
2616 383 2627 394 ι

591 404 789 493 τομ
2243 474 2248 481 .

1424 550 1730 645 can
1771 540 1952 627 ⁸*
2292 528 2310 567 ²

676 686 826 760 De
865 691 946 759 vi
991 695 1071 759 et
1112 686 1459 779 natura
1476 684 1958 775 Penatzum
1971 664 2650 767 dantes-tacciam

752 794 951 910 Sed
1005 848 1124 911 vix
1181 846 1385 932 opus-
1399 853 1545 913 erat
1557 891 1584 926 ,
1638 866 1761 912 ιιο3
1819 847 2216 933 circumagi.
2290 845 2483 941 Haec
2535 847 2753 911 omnia
2803 830 2824 835 Α

564 947 809 1028 enim,
852 954 923 1012 ut
966 948 1155 1014 focus
1195 955 1264 1014 et
1296 968 1414 1014 ara
1456 949 1688 1014 eadem
1733 956 1802 1014 et
1843 940 1983 1013 diis
2006 947 2290 1013 Laribus
2321 951 2448 1012 et
2429 968 2538 1030 us,
2586 964 2752 1032 <suos

602 1047 895 1115 Penates
931 1051 1115 1114 aiunt
1143 1056 1340 1116 sacra
1355 1094 1379 1127 ,
1423 1042 1496 1114 u't
1522 1050 1889 1140 penetralia
1926 1050 1995 1112 in
2024 1050 2227 1128 atrio,
2271 1052 2343 1111 ut
2369 1045 2528 1112 hoc
2537 1050 2753 1132 ipsum
2855 1042 2860 1047 ’

601 1147 670 1210 in
728 1149 1082 1213 minoribus
1141 1148 1208 1212 id
1267 1155 1376 1215 est
1435 1152 1504 1214 in
1563 1149 1900 1233 plerisque
1966 1146 2244 1217 aedibus
2315 1164 2434 1230 pro
2493 1165 2752 1213 cavae.-

602 1247 715 1312 dio
753 1243 988 1331 fuerit,
1031 1252 1162 1339 iam
1204 1257 1444 1334 sponte
1488 1257 1898 1336 sequuntur,
1939 1251 2022 1314 si
2043 1251 2218 1313 inter
2245 1248 2542 1313 Penates.
2582 1264 2749 1332 quos

546 1376 547 1379 ¹
597 1347 786 1412 Deos
826 1351 904 1413 in
946 1351 1401 1434 penetralibus
1456 1351 1672 1417 cultos
1734 1356 1927 1415 nemo
1983 1350 2112 1412 iam
2157 1346 2431 1412 definire
2480 1345 2749 1411 dubita-

600 1449 775 1520 verit
783 1495 837 1528 ,,
865 1451 1063 1516 etiam
1106 1451 1320 1517 Lares
1363 1451 1727 1517 familiares
1748 1492 1775 1526 ,
1837 1465 2108 1533 quorum
2151 1448 2361 1511 omnis
2417 1447 2596 1513 circa
2638 1446 2747 1526 fof-

380 1552 387 1561 '
486 1588 503 1595 κ
600 1567 746 1614 eum
786 1544 871 1616 et‘
912 1553 992 1618 in.
1023 1555 1192 1618 atrio
1237 1550 1513 1642 religio,
1576 1552 1789 1618 cultos
1848 1568 2010 1616 esse
2052 1548 2745 1623 demonstraverimus,

599 1648 775 1731 Sunt
823 1661 1043 1723 autem
1101 1673 1342 1722 revera
1378 1657 1768 1721 Penates
1817 1653 2275 1720 domestici
2319 1652 2459 1718 Dii
2509 1658 2750 1719 tute-

510 1832 523 1837 ,
596 1754 832 1822 lares
879 1757 1167 1825 domus
1207 1774 1529 1841 omneS,
1574 1774 1846 1844 quorum
1892 1757 2159 1842 species
2199 1756 2416 1820 Lares
2457 1755 2748 1820 familia-

508 1910 511 1915 .
595 1875 767 1924 res.
802 1861 1009 1941 Nam
1020 1862 1114 1926 ita
1142 1858 1616 1924 eiusdemmodi
1644 1875 1861 1959 paene
1896 1858 2184 1923 notionis
2208 1856 2425 1921 factos
2445 1871 2632 1936 esse,
2661 1858 2749 1921 ut

596 1962 858 2044 utrique
902 1973 971 2027 et
1010 1964 1305 2028 Penates
1351 1969 1419 2028 et
1467 1964 1686 2028 Lares
1740 1980 1860 2046 pro
1904 1959 2184 2024 aedibus
2231 1959 2403 2045 ipsis
2447 1956 2750 2021 sollemni

593 2065 990 2147 metonymia
1031 2071 1465 2148 ponerentur,
1505 2067 1637 2129 iam
1682 2062 2141 2150 pervulgatum
2184 2066 2316 2123 est.
2404 2056 2746 2140 Qudqui-

598 2162 755 2233 dem,
788 2167 1275 2232 memorabilius
1320 2167 1518 2246 illud,
1582 2164 1755 2251 qnod
1812 2166 2008 2250 plane
2035 2169 2133 2229 *ut
2186 2154 2535 2242 συνώνυμα
2579 2177 2750 2226 con-
2803 2220 2806 2223 ,

591 2265 948 2353 iunguntur
989 2284 1101 2352 ap.
1137 2267 1332 2352 Prop.
1378 2265 1480 2350 ΙΙ,
1523 2266 1649 2348 30,
1687 2266 1811 2331 22:

806 2403 1100 2470 Sparyere
1115 2411 1169 2455 et
1204 2405 1431 2455 alterna
1450 2394 1742 2454 communes
1784 2380 1941 2452 caede
1972 2398 2263 2465 penates

795 2544 799 2548 .
871 2490 1104 2558 Referre
1139 2490 1210 2541 ad
1243 2491 1455 2586 patrios
1489 2476 1738 2559 praemia·
1768 2487 1893 2538 dira
1929 2486 2137 2536 lares.
2219 2504 2222 2509 ⁴

590 2609 720 2676 Ubi
761 2615 914 2677 noto
959 2611 1133 2697 apud
1178 2618 1412 2696 poetas
1459 2629 1587 2674 usu
1628 2597 1928 2674 breviori
1944 2625 1984 2669 v
1992 2583 2148 2678 ersu
2190 2589 2420 2666 eadem
2465 2595 2754 2664 senten-‘2

592 2714 725 2795 tia,
796 2732 968 2798 quae
1034 2717 1102 2779 in
1161 2714 1447 2796 heroico,
1506 2714 1777 2777 mutatis
1833 2706 2025 2773 modo
2080 2706 2303 2771 verbis
2355 2701 2752 2770 illustratur‘.

593 2815 914 2882 Similiter
946 2815 1177 2884 Cicero
1213 2835 1328 2901 pro
1365 2816 1438 2880 P.
1474 2813 1693 2892 Quint.
1732 2816 2034 2897 postqam
2080 2824 2133 2869 c.
2178 2806 2267 2868 26
2305 2799 2506 2867 dixit·
2561 2799 2742 2884 „iani

593 2935 636 2981 a
662 2920 863 2982 suis
909 2918 1358 3004 penatibus
1397 2915 1725 2998 praeceps
1773 2899 2061 2987 eiectuS,
2104 2908 2236 2969 iam
2280 2921 2542 2972 suorum
2587 2917 2766 2972 ser-1

595 3035 824 3080 vorum
866 3016 1189 3080 manibus
1206 3012 1510 3078 violatus
1567 3016 1798 3090 esset,
1802 3007 1847 3045 “
1900 3006 2112 3072 brevi
2129 3001 2471 3068 interiecto
2518 3003 2739 3086 spatio

532 3121 539 3124 ’
602 3111 882 3182 eandem
922 3113 1060 3189 reni
1113 3116 1609 3205 significaturus
1655 3131 1709 3177 c
1752 3107 1859 3175 27.
1907 3129 1963 3173 3.
2006 3083 2113 3173 fin.·
2159 3107 2280 3171 ait.
2367 3099 2592 3187 „Illud
2632 3101 2742 3167 di-

484 3284 499 3288 -
594 3238 710 3301 co,
771 3217 1092 3300 dominum
1135 3219 1480 3306 expulsu-m
1530 3233 1691 3282 esse
1733 3212 1820 3279 de
1861 3210 2165 3299 praedi03
2229 3207 2487 3280 domino
2545 3224 2587 3270 a
2628 3204 2762 3269 ἴων

593 3319 775 3411 milia
819 3342 945 3388 sua
984 3342 1219 3390 manus
1265 3322 1506 3388 allatas
1549 3335 1712 3383 esse
1762 3322 1920 3381 ante
1975 3330 2137 3378 suos
2180 3311 2447 3375 Lares
2491 3288 2743 3372 fami-

591 3398 890 3489 liares.
906 3425 959 3462 cc
998 3458 1084 3468 —--
1171 3424 1420 3488 Lares
1445 3420 1652 3498 enim,
1708 3418 1934 3499 utpote
1978 3412 2116 3497 ipsi
2162 3399 2233 3474 in
2265 3405 2764 3493 penetralibus²

595 3528 789 3608 culti,
850 3527 1192 3602 Penatium
1270 3542 1408 3609 pru
1413 3528 1556 3587 aton
1559 3539 1667 3583 um
1713 3533 1983 3582 numero
2041 3513 2479 3579 continentur.
2563 3508 2742 3576 Hoc

596 3636 827 3715 apelte
872 3632 965 3694 ait
1008 3613 1292 3695 Servius
1335 3624 1421 3690 ad
1466 3624 1651 3708 Virg.
1700 3621 1870 3686 Aen.
1916 3616 2017 3698 11,
2060 3615 2229 3681 514·
2315 3609 2738 3697 „Penates

595 3735 749 3795 sunt
806 3750 1083 3796 omnes
1140 3727 1281 3811 Di,
1357 3728 1492 3812 qui
1569 3723 1794 3789 domi
1858 3720 2266 3786 coluntur
2282 3717 2327 3753 “
2421 3712 2769 3798 Idemque

566 3850 820 3914 ⁶omnes
894 3849 1067 3914 quae
1136 3829 1222 3896 de
1281 3830 1407 3895 foci
1467 3832 1533 3891 et
1592 3841 1751 3890 arae
1809 3821 1959 3887 ficto
2021 3801 2397 3884 discrimine
2452 3818 2748 3900 aguntur

598 3933 1049 4006 contentiones
1089 3932 1280 3996 unius
1324 3927 1518 3993 verbi
1540 3918 2010 4011 quodammodo
2042 3909 2271 4002 καιρίᾳ
2328 3910 2552 3997 πληγῆ
2591 3907 2812 3978 dis-

597 4035 870 4100 soltens
913 4033 1001 4099 ad
1040 4035 1209 4101 Aen
1244 4030 1366 4113 111,
1395 4030 1554 4102 469:
1609 4025 1940 4116 „Singula
1985 4022 2154 4084 enim
2195 4015 2486 4080 membra
2511 4012 2766 4078 domus

597 4143 867 4203 sacrata
911 4143 1067 4202 sunt
1113 4135 1275 4200 diis:
1320 4140 1392 4198 ut
1433 4132 1714 4198 culina
1756 4127 1925 4192 diis
1968 4119 2440 4206 penatibus.
2453 4117 2498 4153 “
2562 4112 2768 4195 Quid

598 4235 820 4304 enim?
905 4237 1130 4304 Etiam
1185 4254 1356 4302 nunc
1411 4213 1623 4301 locum
1658 4229 1879 4310 illum,
1936 4223 2048 4289 ubi
2104 4209 2590 4318 vulgatissimo
2610 4233 2739 4279 usu

593 4343 780 4407 cibus
819 4341 1017 4424 victui
1052 4337 1430 4425 quotidiano
1478 4330 1915 4417 coquebatur,
1958 4328 2195 4390 sancta
2223 4313 2590 4416 Penatium
2603 4332 2734 4379 nu-
2788 4375 2791 4378 ,

2890 4011 2922 4020 ι.-
