3119 5013
1396 620 1411 679 χ
1501 576 1718 663 cap.
1749 583 1827 650 ·1.

1088 763 1097 769 -
1214 708 1340 781 De
1379 710 1553 781 Dis
1554 698 2139 811 9εηὶιαῑὶὺιιε.

537 905 541 909 ,
694 870 695 873 =
809 827 1185 920 Generandi
1216 840 1432 901 tamen
1457 834 1906 922 gratissimae
1944 832 2206 915 actioni,
2250 848 2443 917 quum
2485 798 2591 899 sui
2632 828 2758 900 cu-

607 927 839 995 stodes
885 937 953 997 et
996 951 1302 998 semones
1347 932 1594 998 deesse
1625 935 1740 999 vix
1782 934 2134 1019 potuerint,
2157 934 2480 1021 quoniam
2521 950 2607 997 ne
2651 930 2761 997 le-

609 1035 887 1099 tissima
933 1035 1193 1119 quidem
1237 1038 1422 1111 uitae
1463 1054 1576 1100 res
1623 1038 1771 1100 sine
1814 1053 2034 1100 eorum
2080 1053 2205 1120 ope
2247 1035 2473 1121 perfici
2519 1034 2761 1103 crede-

609 1135 829 1200 batur:
881 1135 1009 1202 huc
1044 1138 1345 1203 Premam
1385 1140 1583 1203 istam
1629 1145 1695 1202 et
1738 1136 2137 1203 Pertundam
2179 1144 2248 1203 et
2280 1134 2632 1227 Subigum
2646 1156 2764 1203 re-

612 1238 922 1303 ferendos
969 1258 1161 1322 esse,
1225 1239 1309 1306 de
1353 1243 1590 1326 quibus
1638 1241 1721 1304 cf.
1765 1240 2119 1330 Augustin.
2161 1239 2245 1305 de
2288 1238 2359 1307 C.
2399 1239 2483 1305 D.
2527 1238 2659 1323 v1,
2695 1240 2760 1304 9.

612 1341 782 1406 med.
827 1344 1072 1407 Ar.nob
1114 1343 1230 1427 IV,
1271 1366 1333 1432 p
1370 1345 1514 1410 131.
1604 1343 1870 1410 Tertull
1915 1342 2002 1408 ad
2043 1349 2174 1408 nat.
2216 1344 2420 1427 2,11.
2457 1341 2766 1417 eosdem·
2891 1396 2910 1419 ,

616 1461 744 1528 que
787 1462 969 1526 esse,
1013 1448 1227 1529 quiin
1270 1448 1545 1510 nummis
1578 1442 2033 1510 Genitales
2077 1444 2222 1510 Dii
2266 1450 2582 1510 vocantur
2625 1444 2766 1524 (sic

602 1547 682 1611 ‘in
721 1566 974 1611 nummo
1015 1546 1363 1634 Crispinae
1389 1549 1741 1638 Augustae
1782 1547 2007 1612 uxoris
2052 1545 2385 1615 Commodi
2427 1540 2530 1633 ap.
2574 1545 2771 1613 Eck-
2817 1554 2830 1579 '

496 1704 499 1711 .
607 1646 743 1731 hel.
791 1648 875 1716 de
917 1651 1168 1718 Numm.
1213 1651 1390 1717 Vett.
1441 1652 1516 1716 T.
1563 1649 1748 1734 Vll„
1799 1670 1860 1737 p.
1905 1649 2063 1730 139)
2120 1650 2339 1719 facilis
2395 1651 2782 1733 coniectura,
2855 1707 2862 1712 .

619 1758 743 1818 est.
831 1754 977 1819 Hos
1020 1754 1287 1823 eosdem
1334 1754 1916 1845 Conserentes
1960 1756 2195 1824 Deos
2239 1775 2397 1822 esse
2441 1760 2771 1841 existimo,

620 1856 854 1939 quibus
917 1858 1209 1924 Arnobio
1276 1859 1613 1947 referente
1671 1857 1784 1940 (C.
1843 1857 1924 1923 G.
1983 1859 2087 1940 V,
2138 1878 2201 1942 p.
2259 1860 2445 1938 169.)
2509 1858 2772 1926 Ocrisia

524 2028 539 2049 K
618 1956 902 2043 gravida
946 1959 1125 2023 facta
1165 1958 1474 2025 Servium
1539 1962 1889 2044 peperisse
1935 1958 2364 2039 credebatur,
2422 1977 2617 2044 quum
2660 1963 2774 2028 alii

621 2059 766 2121 eius
813 2060 1128 2144 originem
1175 2059 1263 2123 ad
1305 2060 1549 2124 Larem
1605 2059 1994 2123 familiarem
2035 2060 2384 2124 referrent.
2486 2060 2773 2142 Quorum

621 2174 887 2249 numero
942 2157 1269 2245 Junonem
1313 2157 1696 2238 accenseri,
1750 2158 1854 2220 cui
1909 2157 2255 2222 Pronubae
2312 2160 2382 2222 in
2439 2160 2772 2249 iungendo

623 2273 767 2320 cum
808 2273 1056 2338 sponsa
1087 2255 1327 2345 marito
1369 2256 1615 2339 prima,
1675 2256 1976 2323 Lucinae
2012 2257 2080 2319 in
2126 2252 2382 2327 edendo
2423 2263 2616 2341 partu
2665 2261 2774 2324 ul-

625 2357 781 2421 tima
821 2358 1271 2444 generationis
1330 2374 1489 2426 cura
1531 2363 1759 2439 esset,
1808 2359 2039 2427 mirum
2083 2374 2245 2422 esse
2285 2359 2418 2425 ‚vix
2443 2428 2448 2431 ,
2475 2360 2776 2444 cuiquam

623 2464 864 2545 potest.
951 2460 1187 2545 Neque
1222 2460 1427 2549 igitur
1468 2458 1808 2540 Bentleio,
1868 2459 1976 2544 qui
2022 2457 2322 2542 quamvis
2370 2455 2779 2544 doctissima,

624 2569 1021 2648 properante
1076 2569 1295 2631 tamen
1336 2580 1531 2627 manu
1589 2563 1658 2627 in
1711 2580 1908 2627 carm.
1956 2558 2223 2628 Saecul.
2269 2558 2499 2625 Horat.
2545 2560 2776 2624 v.·16.
2879 2595 2894 2598 -

628 2671 697 2730 et
738 2671 975 2749 poetae
1015 2667 1229 2750 ipsius
1275 2672 1344 2732 et
1382 2663 1854 2749 Porphyrionis
1900 2653 2303 2730 scholiastae
2345 2662 2782 2752 incorruptam

530 2833 537 2840 ,
628 2768 1018 2849 scripturam
1057 2769 1346 2851 spuriam
1390 2784 1565 2830 „esse
1606 2782 1900 2851 arguens
1959 2782 2077 2847 pro
2123 2760 2561 2852 Genitalis
2609 2760 2783 2826 Ge-

627 2864 824 2930 neth
849 2867 1054 2950 yllis
1096 2868 1389 2948 reponit,
1433 2864 1881 2943 subscribam,
1933 2862 2328 2947 praesertim
2371 2879 2516 2930 cum
2556 2881 2642 2952 ne
2679 2864 2786 2933 sic

632 2963 913 3051 quidem.
934 2960 1134 3044 aliud,
1180 2980 1375 3047 quam
1415 2981 1532 3046 pro
1552 2962 1795 3030 Latino
1827 2957 2154 3029 Graecum
2185 2961 2570 3032 vocabulum
2609 2981 2784 3030 nan-

548 3103 552 3107 ·
633 3068 1071 3149 cisceremur,
1129 3084 1244 3131 res
1304 3068 1555 3135 intacta
1610 3072 1929 3134 maneret.
2018 3062 2207 3146 Quod
2261 3070 2481 3129 autem
2522 3055 2783 3132 Ennius

634 3171 777 3253 (ap.
819 3166 1014 3237 Serv.
1052 3167 1160 3242 ,ad
1202 3170 1391 3257 Virg.
1419 3170 1590 3237 Aen.
1633 3168 1752 3251 vl,
1780 3169 1969 3248 764.)
1999 3183 2276 3253 eumque
2314 3168 2608 3256 imitatus
2632 3170 2785 3235 Au-

634 3272 863 3336 sonius
906 3268 1191 3356 perioch.
1237 3268 1428 3337 Iliad.
1486 3269 1550 3337 4.
1593 3270 2142 3336 Deos‘maiorum
2178 3268 2476 3354 gentium
2505 3269 2589 3336 >in
2630 3270 2784 3339 uni-

539 3447 551 3456 ,
634 3390 899 3464 versum
939 3372 1273 3460 genitales
1316 3371 1683 3456 appellant,
1726 3390 1923 3456 qaum
1962 3369 2107 3435 ille:
2411 3393 2414 3398 ’

836 3504 1126 3572 Romulus,
1160 3504 1365 3574 inquit,
1396 3506 1455 3561 ia
1483 3506 1626 3561 coelo
1662 3519 1777 3559 eam
1813 3504 1917 3561 Dis
1945 3502 2481 3574 genitalibus-aevum
2553 3559 2556 3564 ,

843 3590 1012 3654 Deyit.

638 3686 775 3754 hic:
1070 3739 1077 3744 =
1128 3735 1133 3744 ι
1536 3732 1543 3738 -
1581 3733 1586 3734 ff
2147 3735 2148 3738 κ

911 3792 1125 3859 Jupiter
1155 3794 1360 3846 interea
1393 3808 1525 3846 cum
1543 3793 1646 3847 Dis
1675 3793 1989 3861 aequitatibus
2026 3812 2136 3848 una

915 3877 1197 3931 Concilium
1236 3879 1371 3944 coyit
1406 3880 1667 3970 Superum
1700 3880 1764 3931 de
1795 3880 1952 3934 rebus
1979 3881 2210 3966 Achivae,

642 3994 712 4060 id
756 3963 995 4084 origini
1039 4002 1109 4063 et
1153 3999 1347 4083 stirpi
1400 4000 1620 4065 vocis
1636 3997 2146 4066 accommodate
2174 3998 2260 4061 de
2299 3957 2455 4072 Diis
2497 3951 2791 4064 aeternis

642 4101 904 4182 superis
933 4099 1346 4168 creatoribus
1388 4106 1457 4166 et
1482 4103 1986 4189 generatoribus
2017 4097 2214 4183 buius
2242 4097 2465 4164 mundi
2490 4102 2792 4185 accipere

645 4214 725 4263 eo
773 4200 988 4265 minus
1032 4200 1290 4283 dubito,
1350 4220 1479 4287 quo
1505 4205 1776 4290 ‚certius
1820 4198 2000 4283 apud
2025 4199 2312 4276 Festum
2363 4221 2420 4265 s.
2457 4221 2529 4265 v.
2561 4222 2638 4285 p.
2679 4201 2789 4266 72.

430 4393 437 4410 ἱ
642 4302 935 4372 Lindem.
979 4306 1425 4395 genitales
1469 4305 1596 4371 dii
1635 4323 1767 4392 pro*
1801 4305 2201 4394 geniales
2242 4305 2602 4397 legendum.
2632 4323 2820 4384 esse·
