3119 5013
571 412 659 479 12

498 578 501 581 ’
568 563 742 631 idem
790 569 1095 654 apertius
1154 572 1351 639 etiam
1393 568 1890 658 demonstrant,
1958 595 1997 641 ι
2006 581 2279 644 eterum
2311 582 2706 646 testimonias
2758 649 2770 661 ,

528 670 738 734 *Nam
781 690 911 738 non
954 675 1049 738 ita
1091 675 1424 743 dissident
1478 679 1652 744 inter
1701 698 1792 744 se
1824 663 2143 751 Varronis
2184 687 2592 770 sententiae,
2634 691 2707 750 ut
2765 722 2772 726 ·

557 769 892 836 Arnobius
915 774 1128 857 jubet,
1167 779 1276 862 qui
1302 781 1569 859 (contra
1598 777 1854 853 Gentes
1880 779 2005 864 ΙΙΙ,
2045 802 2112 868 p.
2159 785 2307 850 124.
2350 784 2461 851 ed.
2487 785 2704 875 Lugd.
2764 860 2768 867 ,

557 871 766 953 1651)
808 893 935 960 quo
990 877 1425 944 absurdiores
1446 881 1785 968 gentilium
1814 885 2328 973 superstitiones
2372 903 2532 949 esse
2577 885 2705 950 de·
2763 944 2770 952 .

555 982 920 1060 monstret,-
966 978 1053 1044 de
1096 981 1423 1048 industria
1477 986 1692 1049 omnia
1734 985 1955 1050 turbat
1994 991 2063 1049 et
2114 988 2372 1055 miscet.
2455 989 2705 1053 Tamen
2766 1064 2770 1069 ,

554 1095 745 1161 quum
798 1080 903 1145 sie
956 1078 1145 1148 dicit:
1201 1084 1460 1165 „Varro
1513 1086 1814 1151 similiter
1866 1085 2217 1155 haes1tans
2229 1136 2252 1171 ,
2311 1108 2483 1155 nune
2542 1109 2706 1159 esse
2767 1144 2773 1148 .

549 1180 699 1249 illos
740 1181 1036 1247 Manes
1101 1190 1169 1250 et
1206 1184 1357 1252 ideo
1404 1187 1774 1253 Maniam
1817 1196 2093 1256 matrem
2142 1208 2304 1255 esse
2361 1195 2703 1279 cognomi-

472 1370 483 1374 -
550 1287 772 1374 natam
815 1282 1142 1365 Larum:
1185 1301 1357 1352 nune
1394 1289 1614 1353 aerios
1661 1309 1894 1377 rursus
1927 1288 2129 1355 deos
2174 1296 2243 1355 et
2277 1289 2517 1357 heroas
2540 1312 2702 1376 pro-

554 1385 822 1449 nunciat
874 1386 1226 1471 appellari:
1295 1409 1467 1456 nunc
1517 1393 1927 1487 antiquorum
1980 1395 2350 1458 sententias
2409 1411 2699 1479 sequeus
2766 1458 2772 1468 ,

546 1487 839 1552 larvas
882 1505 1043 1556 esse
1101 1493 1199 1559 ait
1247 1493 1552 1578 Lares,
1615 1496 1819 1579 ¹quasi
1874 1495 2195 1581 quosdam
2244 1498 2561 1585 genios
2631 1503 2701 1563 et

546 1589 1018 1663 functorum
1067 1597 1386 1661 animas
1425 1599 1997 1663 mortuorum‘ss:
2045 1605 2296 1664 tantum
2322 1601 2701 1683 abesse,·ut
2760 1679 2764 1683 ι
2843 1656 2848 1659 .

548 1692 663 1759 illa
704 1695 999 1789 iuterse
1036 1699 1367 1786 pugnent,
1426 1706 1500 1765 ut
1555 1701 1804 1786 optime,
1842 1702 2227 1787 conspirent
2281 1701 2535 1768 collatis
2589 1702 2700 1784 iis,
2764 1770 2772 1783 ,

548 1812 720 1885 quae
756 1798 845 1864 de
883 1802 1225 1888 geniorum
1265 1804 1679 1889 maniumque
1718 1804 2040 1892 religione
2081 1810 2151 1870 et
2184 1802 2374 1869 modo
2411 1802 2697 1868 diximus
2763 1848 2770 1877 ;

551 1906 622 1965 et
659 1901 883 1965 statim
921 1899 1157 1968 dicturi
1197 1922 1448 1984 sumuS,
1486 1905 1868 1989 apparebit.
1938 1903 2379 1986 Depromptus
2422 1908 2529 1967 est
2569 1919 2699 1966 au·-

544 2009 681 2069 tem
723 2002 891 2067 alter
931 2002 1251 2106 Varronis
1289 2005 1472 2068 locus
1515 2022 1604 2068 ex
1633 2004 2044 2086 praefatione
2081 1992 2455 2089 theologiae
2493 2010 2695 2068 natu·
2742 2052 2768 2069 «,

545 2103 732 2184 raliS,
775 2104 885 2170 ubi
928 2109 1105 2169 teste
1148 2104 1526 2189 Augustino
1571 2100 1753 2183 (Civ.
1790 2102 1879 2167 D.
1905 2099 2060 2184 vn,
2102 2101 2206 2182 6.)
2275 2100 2508 2185 „Quas
2545 2124 2695 2170 om·
2756 2162 2771 2171 .

544 2222 668 2271 nes
714 2211 991 2290 quatuor
1034 2203 1328 2285 [mundi]
1381 2210 1610 2289 partes
1654 2205 2013 2268 animarum
2066 2219 2228 2268 esse
2280 2204 2515 2289 plenas
2573 2209 2691 2288 ait,
2760 2277 2775 2287 ἐ
2874 2187 2886 2199 ’

542 2310 627 2373 in
651 2305 923 2371 aethere
967 2309 1035 2369 et
1076 2319 1236 2367 aere
1277 2303 1754 2381 immortalium,
1798 2303 1867 2366 in
1909 2318 2084 2386 aqua
2110 2307 2177 2367 et
2215 2309 2396 2370 terra
2437 2309 2690 2368 morta-
2759 2364 2762 2369 .

541 2411 724 2476 lium:
783 2425 837 2474 a
869 2424 1118 2472 summo
1161 2412 1380 2472 autem
1425 2408 1716 2485 circuitu¹
1750 2408 1919 2474 coeli
1974 2425 2186 2494 usque
2240 2406 2328 2473 ad
2380 2405 2690 2474 circulum
2757 2452 2763 2484 2

518 2512 737 2578 ‘lunae
800 2510 1152 2606 aethereas
1211 2513 1466 2579 animas
1535 2530 1697 2578 esse
1749 2517 1934 2578 astra
1984 2518 2052 2577 et
2111 2512 2382 2594 stellas,
2440 2517 2690 2594 eosque
2758 2584 2761 2587 ⁴

540 2609 874 2679 coelestes
910 2613 1075 2680 deos
1102 2632 1230 2680 non
1269 2613 1459 2680 modo
1505 2615 1788 2702 intelligi
1827 2630 2009 2696 esse,
2048 2609 2172 2678 sed
2212 2614 2411 2678 etiam
2450 2609 2689 2677 videri.

537 2714 731 2782 Inter
761 2717 957 2782 lunae
997 2735 1159 2782 vero
1198 2736 1435 2804 gyrum
1477 2722 1544 2782 et
1583 2720 1938 2782 nimborum
1981 2733 2062 2780 ac
2099 2721 2440 2780 ventorum
2482 2730 2687 2778 cacu-

536 2819 714 2916 mina
765 2820 987 2883 aerias
1046 2834 1205 2881 esse
1245 2818 1501 2880 animas
1557 2820 1627 2878 et
1682 2816 1909 2880 vocari
1959 2812 2201 2877 heroas
2257 2819 2325 2878 et
2377 2813 2559 2877 lares
2617 2817 2687 2877 et

536 2920 796 3011 genios
797 2919 841 2955 “
927 2915 1115 2997 Quae
1155 2934 1452 3005 genera,
1506 2932 1738 2999 quamv
1744 2917 1806 2980 is
1847 2913 2062 3000 paullo
2105 2902 2411 2996 diversa,
2463 2919 2683 2978 tamen
2755 2961 2769 2999 z

535 3027 612 3106 ut
653 3024 958 3107 cognata
983 3022 1051 3082 et
1097 3008 1445 3097 συνώνυμα
1490 3016 1797 3102 coniungi
1840 3014 2258 3079 manifestum
2301 3019 2425 3078 est.
2481 3007 2682 3079 Nam
2761 3091 2766 3098 ⁸

533 3123 876 3213 geniorum
919 3126 1218 3185 naturam
1260 3117 1452 3185 modo
1483 3120 1858 3207 augustiuS,
1903 3114 2094 3182 modo
2137 3115 2359 3181 laxius
2404 3114 2680 3199 definiri,
2757 3189 2762 3205 ἶ

535 3231 608 3290 ut
649 3215 1025 3289 non1solum
1067 3191 1387 3290 humanas
1414 3224 1670 3312 animas
1714 3227 1783 3287 et
1823 3220 2069 3289 ideirco
2110 3225 2503 3294 mortuorum
2535 3219 2680 3284 La-
2767 3211 2784 3220 ’

533 3337 648 3393 res
690 3325 1082 3411 Manesque,
1124 3323 1250 3392 sed
1293 3331 1365 3391 ut
1407 3342 1635 3390 omnes
1681 3324 1845 3390 deos
1887 3324 2013 3389 loci
2056 3323 2393 3396 cuiusdam
2432 3322 2680 3388 tutela-
2760 3309 2770 3320 ”

531 3447 646 3496 res
676 3427 1205 3514 comprehendat,
1248 3444 1449 3511 supra
1471 3425 1774 3491 vidimus.
1857 3426 2119 3490 Herses
2150 3431 2369 3512 autem
2394 3444 2435 3490 a
2467 3439 2681 3511 grae-

533 3533 634 3597 cis
659 3530 916 3618 ‚fabulis
959 3531 1027 3593 in
1067 3530 1429 3593 Romanam
1473 3526 1871 3616 theologiam
1913 3544 1957 3608 a
2000 3521 2189 3603 dooto
2230 3528 2515 3593 Reatino
2558 3545 2677 3591 ar-

532 3634 821 3698 cessitos
865 3630 1395 3715 praecellentium
1455 3629 1664 3703 solum
1707 3630 2049 3706 fabulosae
2105 3631 2513 3719 antiquitatis
2570 3628 2675 3691 vi-

531 3754 748 3804 rorum
792 3736 1049 3818 animas
1100 3734 1496 3800 immortales
1549 3733 1842 3822 haberi,
1869 3737 1946 3801 in.
1989 3735 2227 3824 vulgus
2276 3740 2494 3800 notum
2548 3736 2674 3795 est.

465 3839 485 3875 “·
531 3835 936 3922 Quamquam
978 3835 1203 3917 borum
1245 3825 1507 3919 Graeca
1546 3838 1781 3925 religio
1807 3840 2072 3920 Lucano
2102 3840 2182 3901 ob
2227 3837 2506 3910 animum
2548 3836 2673 3916 ob-
2785 3909 2798 3928 ,

533 3944 808 4003 versata
850 3954 1008 4001 esse
1055 3934 1343 4026 videtur,
1379 3957 1572 4022 quum
1611 3928 1843 4003 Phars.
1887 3938 2043 4018 lx,
2073 3938 2137 4003 ⁷.
2180 3936 2418 3999 Manes
2462 3940 2671 4003 semi·
2743 3997 2760 4005 ,ι

532 4039 695 4104 deos
755 4024 1163 4125 appellaret(
1215 4038 1452 4125 Itaque
1508 4038 1643 4107 Cic.
1704 4040 1790 4106 de
1827 4035 2227 4115 Univers.·e.
2274 4038 2392 4119 ΙΙ,
2436 4060 2504 4122 p.
2540 4039 2673 4106 308
2756 4072 2762 4080 ·

523 4138 721 4207 oren.
748 4155 1061 4226 graeoum
1103 4157 1336 4207 nomen
1382 4136 1799 4220 δαιμονες
1842 4137 2140 4219 quamtis
2179 4141 2251 4201 ut
2292 4138 2358 4201 iu
2401 4156 2668 4214 accom-

526 4237 871 4320 iuodandis
917 4238 1331 4338 duxersorum
1366 4239 1742 4341 populorum
1793 4236 2023 4309 usibus
2078 4254 2199 4329 par
2246 4244 2387 4319 est,
2443 4238 2666 4332 timide

526 4343 821 4423 Lares
855 4340 1058 4423 latine
1117 4344 1456 4418 conuertit.
1545 4338 1668 4404 Cui
1727 4335 1908 4456 haud
1965 4338 2106 4416 seio
2159 4358 2248 4419 an
2306 4340 2388 4418 ob
2443 4339 2702 4420 oeulos
2746 4399 2756 4406 ,
