3119 5013
2392 449 2480 514 99

331 600 651 683 vidimus,
704 603 1022 688 originem
1064 603 1406 667 Romanae
1447 602 1671 689 gentis
1728 601 2103 691 Pelasgam
2147 613 2213 670 et
2262 607 2467 670 Asia-

330 725 483 771 nam
527 710 908 789 spectarent
950 711 1016 770 et
1060 704 1382 785 colerent,
1430 703 1701 770 eosdem
1744 705 2293 771 in‘l’raestitibus
2341 709 2466 773 du-

332 808 565 893 plicem
611 807 785 871 illam
838 807 1095 892 quidem
1143 806 1355 891 populi
1398 795 1697 871 naturam
1742 805 1864 870 sed
1908 827 2073 872 vere
2112 809 2467 872 Ausoniam

338 908 747 975 et·Italicam
786 909 1168 997 significare
1213 908 1530 972 voluisse.
1620 910 1706 973 Hi
1767 911 1956 991 enim„
1997 916 2148 974 sunt
2192 911 2284 974 illi
2330 913 2469 974 La-

329 1016 730 1094 rentia-nati,
777 1014 1010 1096 quibus
1041 1013 1336 1093 MavorS,
1381 1013 2029 1099 Ausonium-numen,
2062 1020 2270 1097 pater,
2317 1016 2464 1098 qui-

329 1115 452 1178 bus
496 1114 737 1179 Martia
791 1113 943 1197 lupa
986 1114 1186 1177 ubera
1228 1114 1570 1197 praebuit,
1633 1134 1799 1198 quos
1846 1117 2068 1199 pi'cuS,
2128 1116 2459 1179 silvestris

327 1223 396 1282 et
455 1236 724 1304 pugnax
782 1221 929 1280 avis
977 1218 1280 1297 nutrivit,
1351 1218 1460 1301 qui
1520 1215 1723 1281 adulti
1776 1218 2017 1282 Urbem
2066 1225 2461 1304 gentemque

325 1319 787 1401 condiderunt,
843 1320 968 1384 iriri
1010 1324 1367 1400 auxerunt,
1427 1325 1583 1403 post
1636 1324 1905 1384 mortem
1952 1322 2036 1404 pii
2085 1318 2276 1383 Genii
2336 1337 2464 1382 non

251 1444 269 1457 ‘
321 1412 783 1508 modo-'regiae
823 1418 1050 1484 domus
1063 1467 1084 1501 ,
1153 1420 1276 1484 sed
1321 1421 1519 1483 totius
1567 1422 1856 1484 civitatis
1903 1423 2160 1505 propitii
2208 1439 2248 1483 a
2296 1440 2462 1507 gra-

324 1518 417 1586 tis
453 1521 802 1604 nepotibus
844 1519 994 1583 culti
1044 1524 1214 1583 sunt.
1302 1520 1397 1584 At
1442 1539 1632 1605 quum
1678 1520 1757 1584 ob
1800 1518 1866 1583 id
1910 1522 2120 1603 ipsum
2163 1522 2228 1584 in
2272 1524 2462 1608 regia

327 1620 650 1707 quondam
678 1622 888 1684 veteri
917 1621 1211 1703 Romana
1241 1618 1362 1684 coli
1392 1618 1728 1702 debuisse,
1761 1636 1847 1682 ex
1880 1623 1986 1701 iiS,
2015 1638 2185 1704 quae
2212 1619 2462 1685 hucus-

327 1742 459 1808 que
503 1721 975 1806 disputavimus
991 1767 1012 1801 ,
1072 1721 1250 1784 facili
1311 1738 1511 1804 opera
1556 1722 1703 1804 quis
1749 1719 2046 1807 colligat,
2104 1722 2231 1784 iam
2288 1719 2466 1804 quod¹

325 1841 370 1888 a
415 1824 675 1889 Numae
719 1819 903 1885 domo
947 1827 1016 1885 et
1046 1821 1297 1911 Vestae
1347 1823 1512 1887 atrio
1559 1826 1913 1905 separatos
1959 1827 2045 1897 et.-
2067 1822 2292 1885 nescio
2335 1840 2460 1905 quo

259 1968 262 1972 -
324 1927 606 1991 obscuro
651 1924 903 1991 Romae
947 1917 1471 1989 sacellovsscultos
1517 1938 1635 1987 eos
1686 1920 1906 1986 videat
1919 1904 2082 2002 ,ss'ffie
2135 1925 2281 2006 quis
2337 1942 2463 1986 no-

323 2032 484 2095 stris
529 2015 1481 2114 raciocinationibus,2³diffidat,
1541 2027 1926 2109 somniaque
1970 2023 2137 2088 adeo
2182 2025 2306 2089 illa.
2340 2043 2465 2089 va·-

325 2149 577 2216 nasque
622 2114 1162 2209 hallucinationes
1210 2130 1567 2207 existimet,
1604 2125 2085 2211 vprocurandum
2132 2133 2253 2191 est.
2331 2129 2458 2209 At,

325 2234 512 2298 bona‘
540 2233 764 2313 verba,
809 2251 1081 2316 quaeso,
1121 2238 1188 2295 et
1232 2233 1290 2295 si
1328 2230 1564 2325 xplacet
1606 2248 1862 2295 manum
1908 2237 2253 2313 parumper
2296 2247 2460 2293 con-

320 2337 498 2413 tine,
541 2353 666 2416 quo
707 2337 1075 2398 accuratius
1124 2330 1291 2396 haec
1332 2328 1688 2397 nobiscum²³
1716 2330 2140 2412 consideres,
2203 2349 2371 2415 quae
2417 2349 2461 2395 a
2514 2315 2526 2329 ⁸

321 2439 518 2517 parte
573 2432 839 2494 multum
897 2432 1046 2496 huic
1085 2431 1354 2494 diversa
1398 2435 1532 2496 orsi
1586 2440 1651 2497 et
1696 2433 1890 2522 longe
1935 2433 2061 2496 alio
2116 2453 2243 2518 quo
2304 2441 2458 2498 ten-

329 2533 567 2597 dentes
608 2536 844 2613 certiS,
895 2540 968 2597 ut
1011 2534 1198 2598 nobis
1246 2532 1503 2618 quidem
1550 2534 1827 2614 videtur,
1885 2538 2106 2600 causis
2153 2537 2220 2598 in
2264 2535 2454 2601 huius

322 2634 453 2699 loci
497 2633 893 2699 commodum
949 2634 1171 2719 adepti
1218 2655 1466 2699 sumus.
1551 2633 1818 2699 Etenim
1878 2653 2069 2719 quum
2113 2637 2283 2700 alius
2337 2656 2454 2701 ar-

302 2737 621 2823 gumenti
659 2738 914 2822 gratia,
977 2733 1146 2819 quod
1184 2722 1305 2798 sub
1353 2734 1598 2799 calcem
1656 2733 1882 2797 harum
1938 2732 2461 2819 disquisitionum

304 2843 642 2913 ‚retractat
862 2857 1008 2908 mus
1052 2836 1224 2921 apud
1269 2836 1545 2901 Plinium
1590 2838 1765 2901 Hist.
1801 2837 1955 2902 Nat.
2003 2836 2334 2920 XXXIV,
2376 2841 2459 2904 13

316 2940 444 3023 1¹⁰ss
489 2835 894 3124 leg*:
959 2936 1070 3020 „E
1135 2937 1399 3003 diverso
1444 2940 1704 3003 Annius
1748 2939 2023 3032 Fetialis
2070 2942 2199 3019 (sc.
2258 2940 2459 3007 tradit
2519 2963 2538 2988 ν

320 3044 641 3132 statuam)
775 3046 1062 3132 uestrem
1080 3084 1105 3117 ,
1152 3057 1323 3122 quae
1375 3040 1572 3105 fuerit
1613 3046 1910 3105 contra
1949 3039 2204 3105 Jovis
2248 3039 2455 3107 Sta·-

317 3146 541 3209 toris
611 3139 841 3205 aedem
882 3144 946 3205 in
992 3142 1415 3206 vestibulo
1479 3140 1850 3227 Superbi
1906 3141 2223 3225 domnis,
2279 3145 2455 3210 Va-

319 3242 590 3306 leriae
631 3241 842 3304 fuisse
871 3242 1375 3315 Publicolae
1406 3244 1687 3307 consulis
1719 3241 2048 3326 filiae“',
2094 3266 2286 3329 quum
2329 3259 2454 3311 au-

322 3347 457 3407 tem
499 3338 623 3431 hoc
663 3342 1056 3429 legeremuS,
1103 3352 1169 3408 et
1212 3345 1278 3407 in
1322 3343 1464 3409 loco
1509 3351 1775 3409 statuae
1814 3337 2036 3411 contra
2062 3348 2259 3414 Jovis
2288 3349 2454 3415 Sta-

319 3445 485 3509 toris
530 3441 790 3527 positae
847 3462 1073 3509 omnes
1142 3452 1408 3512 autores
1456 3450 1831 3512 consentire
1890 3445 2453 3516 animadvertere·-

273 3546 279 3552 '
318 3566 504 3627 muS,
564 3550 633 3608 et
677 3548 785 3629 qui
819 3546 1141 3614 Valeriae,
1170 3556 1237 3613 et
1281 3552 1391 3634 qui
1435 3548 1727 3614 Cloeliae
1773 3568 1916 3614 eam
1961 3549 2179 3618 fuisse
2222 3552 2454 3618 trade-

319 3645 577 3712 rent—
611 3644 712 3710 Cf.
760 3635 932 3710 en‘im
973 3649 1114 3711 Liv.
1141 3648 1231 3726 ΙΙ,
1269 3652 1350 3716 13
1386 3651 1489 3714 fin.
1532 3650 1701 3714 Plut.
1738 3651 1919 3715 Publ.
1952 3650 2049 3714 19.
2079 3652 2271 3718 Dion.
2302 3655 2449 3719 Hal.

323 3747 408 3826 V,
449 3744 552 3826 35,
587 3766 857 3838 quorum
899 3748 1118 3812 tamen
1159 3770 1348 3815 nemo
1389 3754 1536 3836 ipse
1569 3768 1728 3828 ,eam
1772 3751 1968 3831 vidit,
2014 3757 2086 3815 ut
2127 3760 2281 3837 pote
2323 3756 2453 3821 iam

212 3892 222 3913 x
327 3854 481 3911 ante
504 3849 813 3934 Dionysii
843 3846 1432 3923 aetatem'aedibus
1476 3856 1715 3919 circum
1747 3856 1900 3942 igne
1944 3859 2339 3940 consumptis
2367 3844 2483 3906 —-‘

324 3952 545 4013 mirari
587 3969 707 4015 nos
755 3953 996 4032 subiit,
1043 3951 1196 4036 quid
1239 3953 1503 4020 tandem
1535 3957 1876 4020 Romanae
1924 3952 2249 4021 libertatis
2299 3959 2450 4021 vin-

323 4051 456 4115 dex
482 4057 565 4137 -et
603 4060 826 4116 custos
870 4056 1209 4138 Valerius,
1257 4058 1408 4140 quid
1447 4059 1581 4123 filia
1622 4061 1765 4123 eius
1800 4061 2096 4142 animosa
2136 4078 2281 4124 cum
2323 4078 2450 4125 ex·-

332 4155 521 4240 pulso
568 4160 860 4237 ,tyranno
920 4164 1281 4225 commercii
1335 4155 1669 4244 habuerit,
1734 4168 1804 4226 ut
1863 4163 2188 4245 AnniuS,
2223 4171 2451 4229 auctor

315 4256 572 4351 xprobus
623 4265 688 4319 et
734 4263 1065 4341 antinum,
1127 4265 1436 4329 Valeriae
1483 4267 1741 4349 signum
1784 4264 1850 4326 in
1890 4265 2081 4330 istius
2130 4268 2449 4331 vestibulo

254 4411 261 4419 .
334 4362 616 4444 positum
653 4379 811 4425 esse
838 4365 1208 4433 affirmaret.
1295 4371 1538 4434 Verum
1568 4367 1937 4431 accuratius
1963 4370 2260 4453 inspecto
2281 4370 2447 4447 loco,
2553 4436 2558 4443 ,

1934 4472 2040 4537 ⁷*
