3119 5013
2458 370 2545 435 40

394 519 695 587 immissa
747 514 1120 601 videretur,
1153 509 1428 577 Genius
1466 505 1852 600 AugustuS,
1917 529 2110 599 quem
2162 534 2296 583 non
2349 514 2547 585 abie-
2607 540 2615 561 0
2657 596 2666 605 ἡ

177 650 189 665 ‚
244 610 249 615 ⁴
310 654 315 657 ·
399 626 514 685 cta
567 608 946 685 adulatione
996 614 1178 678 servi
1233 612 1358 677 sub
1415 612 1639 699 iugum
1690 612 1884 675 missi
1941 612 2065 677 sed
2118 614 2307 682 liberi
2355 620 2543 684 cives

404 720 735 791 continuis
775 714 1587 801 intestinorumbellorum
1626 715 1838 778 turbis
1879 712 1968 779 ad
1996 708 2286 782 taedium
2328 737 2553 804 usque

394 817 662 904 ‘defessi
719 823 807 881 ut*
847 821 1222 900 pacatorem
1276 812 1500 879 mundi
1548 829 1636 876 ex
1672 815 1871 878 animi
1928 818 2261 881 sententia
2303 816 2548 907 dilige-

404 920 573 985 bant·
612 924 680 983 et
741 920 852 1002 pie
897 917 1239 999 colebant,
1296 915 1405 990 hic
1461 921 1681 981 autem
1721 913 1974 1001 Genius
2037 917 2150 983 ille
2205 925 2384 1001 erat,
2441 923 2546 985 cui

313 1016 323 1022 ’
401 1022 1038 1100 altariafumarent,
1080 1022 1191 1105 qui
1220 1037 1545 1106 praesens
1580 1017 1772 1084 divus
1798 1017 2186 1104 haberetur,
2229 1024 2339 1107 qui
2367 1040 2550 1089 com-

397 1126 638 1208 positis
690 1125 892 1189 armis
922 1125 1114 1213 inter
1156 1124 1566 1209 antiquitatis
1620 1120 1860 1189 heroes
1908 1126 2187 1212 egregie
2215 1126 2428 1191 ‘factis
2478 1132 2548 1192 et

395 1227 547 1309 ipse
586 1226 843 1292 coelum
886 1227 1156 1309 meritus
1209 1232 1278 1290 et
1319 1226 1581 1291 futurae
1624 1226 2132 1322 immortalitatis
2164 1233 2387 1293 certus
2428 1245 2549 1294 re-

401 1329 715 1395 cumbens
760 1346 1086 1415 purpureo
1129 1346 1246 1395 ore
1284 1336 1517 1395 nectar
1559 1328 1786 1397 bibere
1825 1328 2186 1397 videretur.
2226 1365 2316 1383 —
2521 1318 2528 1323 ’

1303 1523 1523 1611 cap.
1575 1530 1715 1607 21.

306 1649 311 1652 ⁴
401 1667 529 1737 De
578 1629 1019 1755 {omniunt
1050 1667 1366 1735 Larum
1419 1668 2043 1736 natura-etiam
2096 1669 2183 1736 Ξη
2222 1670 2552 1757 compi-

1062 1766 1396 1836 talibus
1434 1770 1921 1855 conspicua.

601 1930 795 1998 Haec
845 1912 1190 1997 hactenus.
1277 1930 1555 2015 Restat,
1617 1937 1690 1997 ut
1748 1933 1948 1997 etiam
2004 1931 2072 1996 in
2120 1928 2227 1996 his
2272 1931 2548 2016 publicis

397 2042 533 2104 tam
574 2040 1004 2122 praestitibus
1037 2056 1231 2124 quam
1277 2040 1386 2123 qui
1414 2057 1536 2123 per
1581 2032 1805 2104 urbem
1838 2055 2059 2107 eorum
2094 2038 2347 2103 vicibus
2392 2039 2550 2103 fun-

398 2146 754 2227 gerentur,
816 2140 1269 2225 compitalibus
1309 2141 1594 2217 Laribus
1639 2140 1998 2204 communis
2037 2154 2182 2203 cnm
2227 2138 2553 2205 domesti-

402 2242 501 2305 cis
546 2242 824 2329 originis
881 2243 1177 2328 vestigia
1237 2256 1500 2324 semper
1554 2240 1968 2304 remansisse
2008 2237 2546 2305 demonstremus.

402 2340 739 2423 Utrosque
793 2343 963 2403 enim
1019 2347 1415 2405 mortuorum
1471 2343 1711 2425 genios
1771 2338 2076 2405 diximus.
2127 2352 2136 2359 ⁴
2177 2339 2327 2420 Qua
2367 2344 2438 2406 in
2474 2360 2550 2406 re

404 2442 482 2500 ut
521 2454 606 2498 ea
648 2440 1026 2508 testimonia
1045 2484 1067 2520 ,
1111 2454 1284 2520 quae
1315 2440 1703 2501 coniunctim
1726 2438 1944 2501 Lares
1974 2444 2360 2503 mortuorum
2404 2442 2553 2524 pios

408 2538 663 2620 animos
705 2538 924 2602 fuisse
983 2543 1418 2618 asseverant,
1472 2540 1675 2602 etiam
1717 2539 1785 2602 in
1827 2537 2109 2622 publicis
2150 2538 2381 2603 valere
2428 2559 2589 2620 ne-,

409 2656 612 2704 cesse
657 2645 797 2722 est,
847 2640 940 2703 ita
969 2639 1035 2701 is'
1069 2640 1483 2721 antiquarum
1518 2638 1905 2726 religionum
1941 2658 2105 2702 usus
2118 2682 2145 2716 ,
2192 2658 2319 2723 quo
2364 2623 2557 2707 deum

286 2824 291 2835 Ι
402 2740 688 2823 aliquem
744 2760 865 2825 pro
900 2739 1269 2824 diversiS„
1298 2740 1535 2823 quibus
1595 2738 2072 2823 praecelleret,
2128 2739 2556 2807 facultatibus

407 2846 476 2905 et
518 2840 766 2903 viribus
809 2840 881 2903 in
924 2836 1197 2904 diversa
1227 2840 1491 2902 numina
1521 2837 1913 2902 disiunctum
1948 2845 2016 2903 et
2057 2833 2386 2933 separatis
2431 2858 2557 2904 sa·
2613 2903 2636 2918 „

271 3016 278 3030 ,
399 2931 533 3014 cris
589 2944 836 3009 cultum
895 2958 1054 3006 esse
1082 2981 1091 3028 '.
1112 2938 1395 3006 vidimus
1411 2984 1437 3017 ,
1504 2941 1756 3024 iamin
1805 2941 2086 3023 privatis
2142 2944 2556 3007 caerimoniis

401 3042 745 3132 funebrem
800 3039 1525 3123 ritum.eultumque
1576 3038 1936 3119 Manium
1992 3058 2034 3105 a
2084 3041 2327 3106 Larum
2389 3037 2554 3116 reli-⁸

278 3205 289 3214 x
406 3142 610 3227 gione
653 3137 772 3204 tali
817 3135 1005 3203 modo
1040 3139 1362 3220 seiunxit,
1407 3146 1493 3202 ut‘
1519 3137 1587 3226 in
1630 3138 1762 3203 illis
1805 3138 2252 3206 defunctorum
2296 3143 2553 3208 animas

407 3238 770 3320 mortisque
826 3236 1195 3322 imaginem
1253 3238 1743 3320 expiationibus
1822 3240 2176 3323 praecipue
2246 3241 2552 3307 celebra-

407 3345 594 3419 rent,
643 3336 744 3403 his
788 3339 1058 3404 tutelam
1100 3339 1327 3427 gentis
1370 3340 1701 3423 propriam
1730 3341 2195 3436 attribuerent,
2232 3346 2555 3430 generis-

408 3456 537 3524 que
583 3437 748 3519 deos
790 3436 1111 3528 haberent
1135 3487 1161 3522 ,
1188 3440 1330 3530 illis
1362 3443 1430 3519 in
1466 3441 1792 3526 sepulcris
1838 3449 2294 3527 parentarent,
2335 3443 2441 3512 bis
2484 3448 2554 3512 in

403 3540 686 3607 aedibus
730 3525 1152 3618 laetasacra
1190 3543 1507 3624 facerent.
1556 3540 1695 3623 (Cf.
1736 3542 1807 3626 I,
1851 3543 1953 3625 4.)

353 3733 372 3742 ,
606 3660 758 3725 Nec
802 3664 1031 3724 tamen
1091 3663 1191 3726 rei
1260 3664 1634 3746 antiquitus
1692 3663 1988 3731 eiusdem
2045 3666 2420 3731 memoriam
2484 3666 2552 3732 in

396 3758 770 3850 ,disparatis
819 3758 1098 3827 cultibus
1144 3764 1416 3845 pro‘rsus
1460 3762 1826 3828 oblitterari
1871 3764 2228 3832 voluerunt.
2279 3833 2284 3838 ,
2316 3764 2553 3851 Itaque

414 3866 483 3925 et
506 3862 851 3930 Feralibus
882 3858 1233 3942 charistia,
1258 3855 1605 3940 adiuncta,
1652 3869 1719 3927 et
1739 3871 1911 3949 ²post
1935 3866 2086 3949 ipsa
2128 3866 2365 3934 funera
2390 3865 2553 3934 Lari

372 3952 712 4040 *familiari
766 3980 968 4030 sacra
1010 3963 1234 4045 facta,
1302 3970 1372 4028 et
1428 3965 1872 4050 sepulcrorum
1929 3953 2300 4033 communio
2337 3971 2554 4050 quae·-

410 4060 566 4128 dam
601 4065 770 4127 inter
810 4066 1111 4132 familias
1140 4074 1210 4132 et
1249 4073 1492 4155 gentes
1534 4071 1913 4135 observata.
2005 4068 2258 4149 Quodsi
2300 4070 2368 4132 in
2399 4069 2553 4148 La-

407 4183 554 4230 rum
596 4164 987 4248 publicorum
1031 4167 1205 4252 cultu
1248 4169 1564 4246 inferiora
1604 4169 1879 4246 saecula
1918 4167 2199 4252 longius,
2223 4169 2419 4238 etiam
2465 4169 2550 4236 ab

404 4284 536 4330 usu
576 4267 1035 4334 vetustissimo
1095 4277 1165 4335 et
1188 4349 1194 4354 ,
1220 4273 1488 4356 propria
1543 4272 1825 4335 numinis
1869 4267 2131 4332 notione
2173 4271 2551 4334 recessisse

2100 4369 2146 4434 4
