3119 5013
550 560 715 628 ιιοιι,
748 551 959 612 ωηο
980 551 1141 610 sunt
1178 545 1251 628 ii,
1282 546 1401 632 qni
1436 544 1696 633 Populi
1712 540 1996 617 Romani
2037 554 2318 635 penates
2358 543 2497 617 κατ’
2509 548 2704 671 350-
2827 584 2850 605 1

437 708 444 719 .
545 645 669 735 χὴν
715 647 884 719 dicti
916 650 993 775 in
1027 648 1371 715 Penatium
1413 649 1590 717 aede
1628 651 2031 731 colebantur.
2191 680 2194 685 ·
2309 696 2312 699 -
2767 690 2774 693 -

1433 818 1833 903 cap.14-
1939 884 1943 891 .

558 988 569 995 .
697 931 837 1003 De
865 935 1077 1003 aede
1117 894 1374 1004 Jovie
1422 933 1908 1023 Capitolini
1948 890 2262 1006 tertiis
2297 934 2547 1011 Urbis
2703 942 2714 967 ³

1321 1039 1948 1124 penetralibus,

751 1172 1046 1245 Fuerunt
1086 1188 1277 1256 porro
1295 1202 1327 1254 ,·
1380 1175 1489 1258 qui
1534 1191 1759 1250 iterum
1806 1176 2007 1259 Urbis
2060 1174 2361 1262 penetral
2406 1184 2475 1244 et
2535 1197 2701 1246 san-

550 1273 913 1336 ctissimam
950 1271 1245 1337 Deorum
1282 1272 1513 1337 sedem
1554 1291 1779 1361 arcem
1825 1283 1893 1340 et
1922 1275 2338 1362 Capitolium,
2385 1278 2494 1344 vel
2518 1285 2703 1344 certe
2813 1296 2818 1303 ·

549 1388 595 1437 a
633 1373 990 1462 Tarquinio
1031 1373 1264 1461 Prisco
1310 1376 1667 1458 patriarum
1707 1376 2095 1466 religionum
2127 1378 2346 1447 studio
2370 1387 2694 1466 tamquam

520 1481 750 1558 ‘caput
791 1474 991 1541 Urbis
1055 1477 1423 1541 institutum
1467 1478 1729 1562 triaque
1782 1483 2046 1546 numina
2100 1484 2404 1565 inJovis
2461 1482 2696 1568 templo
2764 1549 2772 1563 ,

550 1576 760 1657 culta,
801 1575 1040 1641 Jovem
1082 1579 1296 1662 ipsum
1341 1574 1422 1644 Ο.
1463 1578 1582 1660 M„
1623 1579 1988 1666 Junonem,
2025 1572 2416 1667 Minervam,
2471 1581 2700 1657 addito

551 1680 613 1742 a'
662 1677 1054 1762 quibusdam
1092 1684 1340 1764 ‘quarto
1393 1679 1761 1765 Mercurio,
1813 1701 2012 1749 veros
2069 1685 2361 1753 civitatis
2418 1694 2702 1773 penates
2809 1690 2820 1694 ’

549 1781 1024 1846 existimarent.
1064 1790 1068 1797 '
1109 1782 1283 1845 Nam
1328 1782 1664 1863 Ampbius
1707 1773 1833 1850 111.
1898 1788 2088 1869 „nec‘
2113 1787 2541 1872 defuerunt“,
2591 1791 2704 1855 in-

550 1882 723 1966 quit,
791 1883 965 1966 „qui
1025 1882 1432 1961 scriberent,
1488 1882 1768 1969 Jovem,
1822 1887 2147 1953 Junonem
2203 1909 2285 1955 ac
2330 1892 2702 1955 Minervam
2757 1956 2762 1961 Ἴ

476 1990 481 1997 “
546 1981 739 2048 Deos
793 1986 1073 2066 penates
1134 1982 1499 2046 existere.“
1598 1983 1742 2064 Quo
1802 1985 2169 2053 accuratior
2223 1985 2419 2052 Serv.
2476 1986 2567 2051 ad
2601 1987 2698 2065 -V,

548 2083 633 2149 A.
674 2081 765 2165 11,
805 2083 965 2149 295:
1024 2083 1228 2167 „Eos
1273 2090 1498 2151 autem
1561 2104 1720 2151 esse
1762 2088 2040 2169 Jovem,
2098 2086 2373 2153 aethera
2415 2087 2702 2154 medium

549 2184 903 2264 Junonem,
959 2189 1172 2274 imum¹
1197 2204 1356 2252 aera
1400 2190 1542 2252 cum
1583 2194 1821 2268 terra,
1876 2206 2192 2255 summum
2238 2190 2531 2273 aetheris
2577 2206 2702 2255 ca·-

524 2302 822 2368 ”cnmem
865 2289 1262 2354 Minervam:
1309 2302 1476 2375 quos
1512 2290 1862 2356 Bemarati
1893 2291 2213 2358 Corinthii
2252 2276 2426 2358 fliius
2453 2288 2696 2357 Samo-

547 2389 826 2458 thraciis
850 2391 1305 2478 'religionibus
1349 2395 1635 2479 mystice
1677 2395 1966 2461 imbutus
2008 2415 2135 2461 uno
2183 2395 2422 2481 templo
2464 2397 2532 2458 et
2571 2390 2691 2456 sub

360 2557 369 2562 ι
462 2513 495 2570 ᾖ
547 2493 783 2561 eedem
818 2500 1000 2562 tecto
1044 2497 1401 2564 coniunxit.
1488 2497 1619 2564 His
1665 2496 1929 2567 addidit
1974 2505 2043 2565 et
2076 2498 2506 2608 Mercurium,
2536 2511 2701 2562 ser-

509 2655 515 2664 .
545 2617 802 2689 monum
837 2596 1049 2664 deum.
1048 2599 1098 2637 “
1182 2597 1553 2683 HactenuS,
1597 2606 1669 2668 ut
1703 2600 1989 2683 videtur,
2023 2608 2228 2682 recte,
2264 2596 2496 2686 quod,
2509 2614 2704 2683 quum

545 2698 737 2785 plura
778 2698 987 2763 semel
1029 2703 1097 2763 et
1143 2698 1417 2763 diversa
1465 2699 1674 2765 Urbis
1714 2701 2084 2783 penetralia
2143 2698 2396 2765 credita
2451 2702 2707 2779 essent,
2745 2748 2749 2753 .
2839 2681 2850 2686 ‘⁷

547 2816 750 2883 super
791 2796 1135 2862 Penatium
1165 2795 1414 2868 aedem
1457 2798 1524 2858 in
1570 2795 1765 2874 Velia
1809 2803 1879 2859 et
1917 2796 2171 2858 Vestae
2210 2794 2517 2875 templum
2562 2794 2706 2858 Ca·-

545 2897 880 2982 pitoliuum
923 2895 1287 2960 delubrum
1304 2896 1596 2958 tertium·
1614 2892 1773 2957 illud
1833 2907 2044 2978 penus
2084 2897 2465 2976 putaretur,
2525 2890 2701 2975 quod

514 3035 519 3038 -
548 3013 637 3062 ex
665 2993 938 3061 Etruria
976 2994 1180 3058 etiam
1217 2996 1558 3060 Romanae
1600 2995 1788 3081 genti
1830 2999 1899 3060 et
1938 2992 2368 3081 religionibus
2404 2993 2703 3057 immixta

551 3094 879 3194 quaedam
937 3096 1191 3162 semina
1253 3102 1322 3161 et
1371 3093 1846 3181 quodammodo
1895 3095 2228 3161 elementa
2277 3094 2705 3182 significaret.
2765 3085 2788 3110 ⁰

548 3202 697 3269 Hoc
743 3202 913 3266 enim
942 3199 1237 3267 indicare
1278 3201 1435 3267 mihi
1467 3200 1779 3267 videntur
1817 3201 1952 3267 foci
1978 3199 2095 3280 illi,
2127 3199 2482 3264 Penatium
2519 3212 2705 3261 sem-

551 3322 687 3391 per
716 3304 946 3396 cultus
1003 3305 1299 3392 inignia,
1345 3306 1456 3391 qui
1508 3310 1688 3370 teste
1737 3304 2035 3369 Varrone
2091 3295 2210 3383 (cf.
2262 3320 2317 3366 c.
2356 3301 2458 3381 2.)
2514 3301 2708 3365 iuxta

354 3485 355 3488 Ἴ
430 3392 455 3422 ”
544 3421 739 3473 aras·
777 3409 847 3473 in
909 3403 1420 3491 Capitolinorum
1473 3405 1767 3471 Deorum
1810 3405 2025 3488 sacris
2104 3402 2447 3467 constituti
2497 3404 2703 3465 erant.

254 3533 265 3540 ·
458 3573 475 3578 ,
550 3509 736 3574 Hos
761 3509 934 3571 enim
995 3509 1195 3571 etiam
1234 3507 1603 3572 Varronem
1662 3508 1835 3569 inter
1893 3506 2176 3587 penates
2194 3547 2217 3583 ,
2279 3502 2390 3585 qui
2446 3497 2707 3583 quidem

551 3611 822 3675 Romae
852 3608 1245 3687 colerentur,
1288 3605 1609 3671 habuisse
1654 3604 1797 3669 coll.
1843 3601 2041 3669 Serv.
2089 3601 2194 3669 ad
2212 3601 2293 3666 V.
2338 3602 2424 3666 A.
2458 3598 2582 3681 111,
2623 3598 2708 3664 12

554 3717 623 3775 et
653 3728 798 3810 cap.
832 3709 914 3773 19
954 3708 1062 3774 fin.
1106 3708 1470 3806 apparebit.
1557 3705 1703 3792 Hos
1748 3706 1934 3790 ipsos
1977 3709 2148 3770 uta
2162 3701 2706 3770 Samothracibus

554 3813 963 3897 repeterent,
990 3797 1272 3882 libenter
1314 3809 1725 3896 arripuerunt
1766 3805 2093 3877 Graecam
2132 3805 2469 3889 Tarquinii
2496 3803 2707 3889 origi·-

553 3930 718 3977 nem.
744 3909 848 3977 Cf.
886 3909 1083 3978 Serv.
1125 3907 1312 3973 Fuld.
1360 3906 1449 3972 ad
1485 3909 1659 3974 Aen.
1701 3908 1742 3973 l.
1771 3909 1815 3973 l.
1901 3907 2048 3989 Quo
2092 3909 2477 3998 argumento
2505 3906 2552 3968 ii
2578 3921 2708 3968 non
2803 3951 2814 3958 ,

554 4014 973 4101 indigebant,
990 4032 1088 4098 qu
1110 4016 1134 4077 i
1151 3995 1424 4077 'aliter
1453 4028 1493 4075 a
1514 4011 1783 4077 eVarro
1809 4029 1939 4076 non
1966 4025 2054 4074 ex
2080 4001 2454 4074 Arcadia·
2480 4009 2708 4071 oriun-
2799 4044 2814 4049 κ

557 4114 709 4195 dum
767 4103 1181 4180 Dardanum
1211 4130 1333 4198 per
1378 4111 1906 4210 Samothraciam
1968 4111 2232 4175 Troiam
2284 4099 2527 4192 petiise
2583 4107 2704 4188 (cf.

516 4212 729 4282 enim
742 4218 999 4300 interp.
1044 4216 1230 4281 Lion.
1277 4211 1364 4279 ad
1403 4216 1589 4312 Virg.
1635 4201 1806 4279 Aen.
1849 4207 1975 4287 m,
2024 4210 2207 4290 16⁷.)
2248 4200 2373 4275 sed
2416 4226 2505 4274 ex
2557 4209 2707 4292 ipsa

385 4365 445 4426 ¹-
561 4316 833 4410 Etruria
895 4320 963 4384 in
1004 4316 1529 4391 Samothraciam
1586 4320 1692 4382 et
1714 4312 2078 4402 Phrygiam
2138 4316 2419 4380 venisse
2468 4309 2701 4377 trade.-

2940 3564 2976 3586 ἱ...
