3119 5013
2523 191 2568 223 Q

1046 474 1085 494 -
2430 409 2583 499 ‚¹7

297 532 303 537 ”
376 596 389 607 „
425 550 527 615 bri
571 554 641 614 et
666 550 828 613 iure
853 548 1132 613 manium
1152 549 1513 633 separatim
1548 549 1977 634 scripserunt,
2013 554 2399 620 uberrimam
2432 572 2578 619 ma-

294 648 299 649 *
431 653 669 718 tei-iem
711 652 1146 739 congessisse
1191 651 1423 735 video,
1468 660 1536 718 et
1579 653 1844 740 longum
1887 664 1996 719 est
2037 665 2105 721 et
2160 676 2201 721 a
2244 662 2576 743 proposito

302 740 309 751 ’
428 755 747 836 alienum,
806 773 929 820 nos
973 754 1132 820 illud
1172 755 1365 821 modo
1424 755 1879 822 demonstrare
1924 759 2240 823 voluimus
2263 806 2283 841 ,
2339 779 2577 826 revera

383 874 387 879 ·
427 874 546 940 pro
595 855 746 920 Diis
789 856 1257 923 immortalibus
1282 855 1563 922 habitos
1606 874 1766 921 esse
1809 856 2300 922 defunctorum
2287 878 2574 941 manes3

428 974 546 1022 eos
591 957 798 1022 solum
836 964 1108 1024 veteres
1147 961 1223 1023 et
1258 961 1568 1059 antiquis
1586 961 1988 1042 temporibus
2032 962 2367 1044 proximos
2385 1007 2406 1041 ,
2469 964 2578 1043 qui
2661 978 2684 989 ‘

426 1060 495 1124 ιιι
534 1062 912 1124 universum
948 1059 1019 1124 id
1059 1060 1407 1142 affirmant,
1450 1060 1815 1127 audiamus.
1905 1058 2192 1140 Quorum
2222 1060 2605 1126 Tertullia--

377 1172 395 1205 ⁸
424 1181 551 1235 nus
594 1162 783 1248 Apol.
821 1163 1014 1230 c.13.
1101 1161 1390 1248 „Quum
1433 1165 1718 1249 quaerit,
1756 1164 2058 1245 „omnino
2102 1157 2189 1229 ad
2246 1160 2578 1228 honoram-'-

420 1265 549 1330 dos
593 1284 713 1332 eos
757 1266 1020 1348 (Deos)
1064 1268 1323 1352 facitis,
1388 1268 1561 1354 quod
1600 1278 1750 1336 non*
1769 1272 1971 1336 etiam
2012 1272 2285 1336 mortuis
2329 1273 2576 1337 vestris

252 1386 267 1405 ι
390 1363 833 1433 senseratis?
897 1366 1107 1434 aedes
1146 1369 1460 1453 proinde,
1505 1388 1664 1452 aras
1708 1370 1999 1456 proinde.
2082 1371 2575 1451 Idem„habitus
2687 1430 2694 1439 .

424 1476 497 1535 et
537 1462 833 1558 insignia
883 1472 954 1537 in
997 1475 1256 1538 statuis.
1358 1475 1450 1542 Ut
1504 1482 1733 1558 aetas,
1789 1483 1862 1543 ut
1915 1496 2066 1560 ars,
2125 1484 2197 1544 ut
2242 1481 2575 1566 negotium

425 1571 661 1635 mortui
700 1570 845 1653 fuit,
873 1572 970 1636 ita
996 1571 1185 1637 Deus
1225 1579 1352 1639 est.
1439 1574 1840 1657 Quoaediffert
1880 1580 1965 1669 ab
2010 1578 2200 1662 epulo
2240 1579 2437 1644 Jovis
2472 1581 2575 1643 si-

426 1671 798 1752 licernium,
857 1689 901 1736 a
941 1674 1221 1758 simpulo
1264 1676 1474 1757 obba,
1517 1679 1602 1742 ab
1646 1682 1953 1763 aruspice
1993 1680 2334 1764 pollinctor
2346 1677 2390 1742 2-
2425 1698 2576 1749 nam

426 1774 498 1835 et
539 1788 833 1858 aruspex
857 1776 1134 1840 mortuis
1159 1762 1549 1860 apparet.“
1583 1781 1648 1842 N
1651 1796 1729 1843 ec
1757 1782 1970 1843 minus
1998 1777 2381 1865 indignatus
2407 1780 2577 1843 mul-

422 1873 514 1943 tis
553 1876 845 1942 saeculis
889 1883 1048 1943 ante
1087 1879 1221 1944 iam
1261 1871 1446 1949 ΡΙὶιι.
1472 1881 1556 1944 N.
1588 1880 1673 1945 H.
1715 1879 1866 1966 Vll,
1905 1879 2008 1945 56.
2051 1882 2408 1945 vanitatem
2449 1880 2577 1946 ho·-
2683 1957 2692 1965 ,

370 1985 379 1991 “
421 1976 663 2051 minum
709 1978 1074 2070 castigat,
1116 1994 1292 2062 quae
1346 1979 1417 2042 in
1465 1981 1695 2044 mortis
1754 1998 2011 2064 quoque
2063 1985 2357 2064 tempora
2423 1981 2576 2064 ipsa

175 2110 186 2118 κ
292 2076 301 2077 ’
422 2079 555 2145 sibi
598 2081 798 2147 witam
840 2082 1218 2147 mentiatur.
1258 2081 1433 2147 alias
1475 2084 2022 2150 immortalitatem
2066 2085 2366 2166 animae,
2403 2085 2574 2149 alias

224 2250 249 2260 ‚
298 2237 302 2240 .
422 2200 695 2247 sensum
746 2183 980 2248 inferis
1023 2181 1238 2249 dando
1284 2189 1353 2249 et
1392 2183 1632 2251 Manes
1690 2182 1998 2265 colendo,
2058 2184 2405 2268 Deumque
2460 2183 2573 2247 fa-
2625 2246 2640 2253 J
2691 2172 2712 2179 ⁸

312 2314 321 2317 ·
423 2285 697 2369 ciendo,
750 2287 860 2371 qui
911 2288 1043 2352 iam
1088 2288 1286 2351 etiam
1326 2284 1516 2352 homo
1561 2304 1719 2351 esse
1783 2285 2075 2352 desierit.
2162 2288 2291 2354 Ubi
2342 2284 2572 2350 diver-
2625 2310 2630 2315 ·

426 2404 648 2449 sorum
673 2385 1052 2468 populorum
1077 2384 1533 2469 hominumque
1566 2389 2072 2470 superstitiones
2104 2374 2249 2450 eum
2289 2393 2572 2473 tangere

427 2490 631 2571 patet.
711 2485 906 2551 Deos
948 2487 1121 2549 enim
1157 2487 1397 2550 Manes
1440 2503 1636 2567 esse,
1679 2488 1896 2569 patria
1933 2486 2194 2568 videtur
2234 2488 2572 2553 Romano-

392 2587 566 2651 =rum
595 2591 664 2651 et
691 2588 964 2670 antiqua
992 2585 1253 2672 religio,
1274 2603 1501 2661 ⁴vanas
1536 2591 1760 2652 eontra
1790 2584 1875 2647 de
1904 2588 2174 2665 umbris,
2198 2605 2369 2669 quae
2397 2588 2573 2670 apud

385 2767 391 2780 .
420 2688 672 2777 inferos
691 2703 1078 2775 exsangues
1107 2689 1696 2773 circumvagentur,
1726 2686 2067 2769 opiniones
2083 2683 2412 2758 aGraecis
2446 2706 2571 2770 po-

400 2791 746 2855 tissimum
769 2793 1105 2872 acceptas,
1124 2787 1299 2873 quas
1316 2787 1584 2870 proprie
1612 2784 1920 2856 diversas
1937 2792 2005 2850 et
2018 2802 2571 2873 secumpngnan-

268 2913 297 2950 ·.
405 2899 526 2960 ‘tes
554 2898 625 2958 ut
651 2893 1130 2973 consociarent‚
1155 2892 1321 2955 mira
1354 2894 1714 2954 commenta
1747 2887 2313 2975 excogitaverunt.
2384 2888 2567 2970 Quos

416 2992 582 3058 Plin.
609 2992 650 3056 l.
677 2992 716 3056 1.
739 2989 1027 3056 irridens
1052 2988 1342 3072 „quae“,
1363 2990 1594 3073 inquit,
1616 2986 2157 3072 „ista-dementia
2184 2999 2312 3074 est,
2341 2994 2567 3058 iterari

419 3095 626 3159 vitam
665 3088 923 3158 morte?
984 3106 1245 3176 quaeve
1285 3092 1533 3181 genitis
1579 3093 1767 3175 quies
1808 3110 2128 3175 unquam,
2188 3096 2249 3157 si
2294 3095 2360 3157 in
2418 3115 2566 3158 su-

427 3192 620 3256 blim
640 3193 675 3257 i
700 3209 1017 3257 sensus
1045 3189 1371 3254 animae
1393 3193 1635 3269 manet,
1667 3190 1841 3254 inter
1871 3190 2117 3252 inferos
2143 3191 2417 3255 umbra
2437 3190 2569 3257 ΒΨ(

422 3291 681 3358 Inventi
722 3300 943 3359 tamen
980 3289 1175 3371 sunt,
1237 3291 1349 3376 qui
1388 3288 1513 3353 hoc
1546 3296 2012 3374 ⁷argumentum
2055 3291 2298 3373 putide*
2323 3291 2567 3357 dilata·-

425 3400 561 3461 tum
587 3373 675 3458 ad
710 3391 1087 3460 Aristotelis
1126 3391 1373 3477 placita
1401 3387 1515 3456 de
1522 3399 1802 3475 quatuor
1837 3390 2117 3477 hominis
2158 3395 2394 3458 animis
2440 3414 2569 3462 ex-
2621 3431 2630 3436 κ

422 3489 759 3575 coluerint,
794 3512 1058 3577 quorum
1099 3497 1469 3568 sententias
1516 3512 1561 3559 a
1583 3491 1778 3561 Serv.
1817 3512 2091 3580 gramm.
2135 3494 2223 3560 ad
2267 3497 2466 3586 virg.
2484 3500 2563 3563 A.
2637 3520 2646 3527 ·
2757 3489 2762 3498 ’

400 3600 508 3683 V,
546 3599 635 3668 81
677 3596 933 3678 relatas
978 3599 1256 3716 curiosis
1294 3596 1749 3683 inspiciendas
1792 3589 2235 3683 relinquimus.
2307 3626 2324 3646 ·

1204 3823 1205 3826 ι
1315 3790 1537 3880 cap.
1562 3799 1646 3866 8.

978 3940 1104 4010 De
1161 3895 1630 4009 Geni-orum
1685 3948 2017 4013 natura.

629 4073 875 4155 Contra
916 4073 1123 4161 'apud
1159 4073 1495 4143 Romanos
1532 4073 1770 4140 Manes
1811 4078 2170 4161 antiquitus
2216 4073 2565 4143 Geniorum

422 4193 690 4242 numero
734 4171 1105 4262 adscriptos
1119 4223 1143 4260 ‚
1202 4194 1418 4266 neque
1461 4174 1695 4269 ab‘bis
1751 4177 1901 4242 alio'
1934 4178 2189 4242 nomine
2238 4178 2564 4246 discretos

424 4271 674 4362 fuisse,
718 4294 910 4362 quam
953 4277 1126 4365 quod
1163 4277 1258 4344 illi
1296 4282 1725 4364 mortuorum,
1776 4277 1844 4342 hi
1896 4279 1976 4343 in*
2007 4280 2381 4347 universum
2437 4281 2565 4345 hu-
