3119 5013
2447 351 2595 459 ,ιι

428 547 759 610 ficaretur.
791 541 948 606 ‘His
980 542 1203 636 curiae
1234 541 1426 606 unius
1456 530 1779 626 cuiusque
1813 512 2119 628 princeps
2154 553 2221 612 et
2248 545 2569 632 quodam·
2647 536 2660 543 ⁴
2711 507 2730 535 ⁸

431 645 624 713 modo
664 650 893 729 pater,
943 649 1014 708 ut
1055 645 1122 707 in
1166 643 1445 728 privatis
1489 642 1772 709 aedibus
1813 646 2284 728 paterfamilias
2326 644 2568 735 supre-
2647 637 2658 643 ’

380 744 389 763 “
432 763 579 812 mus
624 745 945 837 sacerdos
991 751 1323 830 praeerat.
1411 743 1585 827 Quid
1628 748 1830 834 igitur
1870 746 2271 830 dubitemus,
2326 748 2566 816 heroes

427 851 495 914 in
523 849 654 914 illis
684 850 868 914 ‘focis
904 849 1115 913 cultos
1153 849 1480 913 curiarum
1510 854 1749 913 atavos
1793 847 2090 914 divorum
2132 866 2410 914 numero'
2440 850 2570 915 ad-
2639 836 2674 845 ”
2795 846 2808 853 “

428 950 644 1032 ditos,
681 949 741 1014 h.
788 966 849 1013 e.
886 950 1103 1014 Lares
1144 948 1442 1035 publicos
1489 948 1756 1015 dicere:
1820 951 1916 1017 At
1939 955 2270 1034 utcunque
2294 949 2448 1015 illud
2492 969 2570 1016 se
2649 1030 2664 1041 ρ

425 1053 724 1119 habet—
745 1055 1220 1141 accuratiorem
1251 1055 1421 1118 enim
1441 1049 1636 1117 huius
1665 1052 1798 1118 loci
1820 1046 2343 1138 disquisitionem
2367 1071 2571 1138 prae-
2649 1046 2652 1049 ’

424 1157 657 1220 missis
701 1155 855 1220 aliis
909 1144 1325 1242 argumentis
1372 1155 1547 1229 infra
1600 1156 1835 1219 iterum
1891 1157 2288 1243 aggressuri
2337 1175 2568 1220 sumus
2609 1157 2617 1172 ⁸

427 1250 612 1342 [cap.
656 1254 801 1336 24.)
846 1294 933 1305 —
971 1258 1185 1323 fuisse
1215 1266 1436 1322 tamen
1479 1260 1745 1325 numina
1772 1258 2082 1325 tutelaria
2122 1243 2383 1342 publica
2424 1259 2569 1342 pri·-

310 1351 328 1364 ”
419 1363 598 1424 vatis
643 1361 930 1454 Laribus
971 1360 1300 1426 ‘simillima
1314 1354 1347 1442 ,·
1391 1376 1520 1425 nec
1578 1362 1710 1425 nisi
1762 1360 2009 1426 tutelae
2059 1362 2412 1426 maiestate
2455 1358 2568 1424 di-
2633 1347 2647 1355 ’

418 1480 667 1542 versa,
726 1482 918 1548 quum
961 1462 1031 1527 hi
1070 1464 1271 1529 totius
1320 1464 1664 1528 Romanae
1706 1465 1931 1550 gentis
1980 1480 2125 1528 eam
2168 1480 2390 1528 euram
2431 1480 2565 1550 ge-
2638 1450 2684 1533 ᾗ
2797 1460 2802 1473 “

356 1618 375 1633 .
422 1571 679 1644 rerent,
721 1583 912 1648 quam
955 1568 1198 1649 privati
1239 1565 1645 1653 singularum
1682 1566 2111 1650 familiarum,
2155 1584 2315 1632 esse
2345 1572 2564 1632 autem

426 1665 776 1752 hos'ipsos
819 1669 1034 1732 Lares
1079 1666 1480 1749 nominat‘oS,
1523 1668 1771 1733 eertum
1813 1675 1937 1732 est.

1290 1863 1508 1949 cap.
1552 1869 1693 1959 18.

421 1978 542 2066 De
600 1996 981 2066 Laribus
1034 1999 1546 2078 Ruralibus,
1633 1990 2065 2083 Vialibzw,
2122 1998 2561 2087 Hostiliis,

1161 2103 1247 2168 Ξιί
1285 2122 1552 2190 yeme-3
1591 2103 1819 2170 aliis.

430 2282 437 2289 ·
560 2300 567 2306 .
620 2249 856 2335 Itaque
892 2258 966 2315 ut
1007 2251 1263 2319 domum
1306 2259 1373 2318 et
1420 2252 1689 2319 fundum
1734 2254 2024 2321 familiae
2064 2274 2233 2321 suae
2276 2259 2560 2344 quisque
2617 2236 2630 2246 ¹

412 2355 716 2439 tuebatur
755 2355 892 2415 Lar
934 2352 1311 2435 familiaris,
1347 2338 1473 2425 ‚sie
1514 2348 1776 2440 publice
1833 2344 2306 2441 quodammodo
2349 2377 2557 2446 agro·
2619 2348 2625 2354 ’

416 2474 558 2517 rum
594 2451 984 2517 *tuendorum
1024 2472 1257 2518 munus
1305 2457 1520 2520 sortiti
1564 2463 1880 2542 agrestes
1912 2460 2202 2535 Rurales
2239 2462 2557 2548 appellati
2615 2466 2619 2470 Α

417 2561 588 2622 sunt..
630 2601 633 2604 -
675 2551 767 2619 Hi
806 2554 900 2617 illi
940 2561 1126 2635 sunt,
1162 2556 1279 2638 -qui
1317 2558 1386 2620 in
1414 2559 1707 2622 carmine
1742 2559 2084 2635 Arvalium
2111 2561 2387 2628 fratrum
2411 2568 2556 2647 pri-
2611 2553 2620 2558 ⁶

415 2676 534 2723 sea
577 2655 785 2721 forma
832 2654 963 2719 adt
946 2662 1236 2721 ocantur
1263 2658 1484 2722 Lases
1513 2677 1622 2745 ap.
1655 2657 1855 2725 Orell.
1891 2678 1963 2722 ιι.
1998 2659 2188 2723 2270.
2274 2660 2373 2726 Cf,
2400 2655 2557 2732 Mal..

407 2764 528 2827 rin.
560 2761 704 2825 Atti
734 2758 837 2822 de'
864 2760 1015 2824 frat.
1045 2758 1277 2826 Arval.
1311 2743 1403 2825 T.
1433 2758 1536 2843 11,
1579 2780 1644 2845 p.
1682 2763 1831 2826 603.
1892 2760 2211 2843 Klausen.
2258 2758 2326 2827 in
2355 2780 2552 2839 earm.
2657 2781 2670 2784 “

405 2866 587 2930 fratr.
628 2861 856 2929 Arv'al.
900 2882 961 2946 p.
988 2862 1102 2927 62.
1189 2845 1336 2928 Hos
1370 2860 1606 2928 Cicero
1633 2864 1973 2951 significat
2008 2862 2225 2944 11,8:
2272 2866 2584 2946 „Lucosi

407 2970 475 3032 in
515 2967 706 3054 agris
750 2963 1035 3050 habento
1080 2969 1149 3028 et
1190 2964 1433 3029 Larum
1478 2965 1742 3031 sedes“
1798 2972 1867 3032 et
1909 2964 2191 3033 Seruus
2236 2965 2324 3031 ad
2368 2968 2553 3056 Virg-

408 3072 576 3156 Aen.
622 3066 693 3149 1,
739 3066 901 3129 441:
930 3045 1334 3149 ubicumque
1379 3067 1720 3156 Virgilius·
1746 3068 1959 3133 lucum
1996 3071 2211 3152 ponit,
2254 3072 2555 3153 sequitur

410 3172 612 3240 etiam
651 3170 1097 3249 consecratio,
1139 3174 1215 3233 ut
1258 3168 1374 3250 (9,
1412 3170 1546 3248 30:
1633 3172 1816 3235 Luco
1871 3177 2005 3235 tum
2044 3172 2213 3236 forte
2253 3174 2550 3256 parentis

348 3285 355 3296 “
411 3279 604 3337 eaett.
687 3272 879 3339 Unde
922 3275 1088 3341 etin
1135 3280 1332 3338 sexto
1369 3274 1605 3354 (6⁷3):
1666 3275 1866 3339 Nulli
1910 3280 2096 3339 certa
2135 3273 2398 3340 domus:
2442 3276 2551 3341 lu-
2645 3292 2650 3298 ·

316 3401 321 3402 f
409 3377 509 3439 cis
537 3371 905 3439 habitamus
948 3378 1194 3458 opacis,
1285 3374 1611 3442 Dicuntur
1636 3378 1808 3440 enim
1846 3373 2114 3448 heroum
2155 3375 2416 3443 animae
2441 3378 2551 3442 lu-

406 3489 520 3542 eos
565 3481 812 3539 tenere.
893 3476 1141 3540 Horum
1184 3478 1571 3542 meminisse
1610 3476 1873 3552 videtur
1916 3475 2147 3541 Tibull.
2192 3475 2260 3559 l,
2302 3473 2341 3540 '1
2361 3524 2385 3559 ,
2431 3481 2547 3542 ll:

401 3582 573 3645 Nam
635 3593 949 3658 veneror,
1005 3596 1127 3641 seu
1182 3582 1393 3665 stipes
1449 3578 1654 3646 habet
1705 3578 2014 3662 desertus
2072 3580 2138 3643 in
2184 3581 2372 3667 agris
2423 3597 2549 3645 seu

399 3682 595 3744 tetus
643 3679 709 3740 in
741 3677 937 3740 trivio
967 3677 1168 3739 florea
1198 3686 1378 3743 serta
1403 3679 1599 3763 lapis.
1688 3661 1858 3743 Nam
1900 3681 2097 3743 etiam
2135 3677 2363 3741 horum
2398 3680 2546 3744 eul-

402 3785 534 3842 t'um
588 3777 835 3845 talibus
872 3767 1300 3859 potissimum
1362 3778 1526 3843 loeis
1583 3771 2019 3868 adhaesisse,
2069 3779 2310 3863 quibus
2362 3765 2592 3844 anti-‘

382 3895 594 3960 *quum
635 3881 869 3965 ignoti
883 3879 1182 3943 fortasse
1221 3882 1346 3944 viri
1390 3881 1759 3972 sepulerum
1803 3883 2114 3946 maiorum
2156 3879 2541 3945 veneratio-

401 3993 548 4043 nem
590 3981 930 4046 tribuisset
976 3981 1231 4047 collatis
1265 3975 1399 4047 Cic'.
1446 3990 1513 4048 et
1546 3981 1742 4050 Serv
1785 3984 1825 4048 l
1869 3984 1912 4049 1.
1959 3986 2211 4065 iisque,
2254 3998 2426 4065 quae
2468 3983 2538 4047 iu

284 4167 295 4176 ,
398 4081 770 4167 Argeorum
824 4083 1185 4171 religione
1184 4084 1376 4149 infra
1431 4082 1925 4165 adnotabimus,
1995 4082 2354 4146 verisimile
2410 4083 2580 4148 est.'

395 4173 597 4248 Certe
631 4183 917 4247 Manium
950 4188 1322 4250 memoriam
1364 4184 1709 4271 quamdam
1739 4186 1806 4248 in
1849 4182 1955 4246 his
1986 4182 2373 4265 obtinuisse,
2395 4169 2575 4248 Ar-'

393 4284 637 4349 valium
680 4284 949 4349 fratrum
988 4294 1139 4351 aeta
1183 4292 1527 4354 testantur.
1614 4287 1783 4349 Nam
1812 4288 1884 4347 ut
1920 4289 2076 4366 post
2099 4285 2360 4366 privata
2406 4302 2536 4368 pa-
