3119 5013
488 472 496 488 ⁴
568 483 807 569 deatur
818 528 845 566 ,
908 483 1017 552 hic
1069 486 1221 572 ipse
1261 496 1576 552 numerus·
1620 488 1731 572 qui
1785 488 1854 555 ln
1910 488 2256 554 Romanae
2302 488 2526 581 gentis
2575 502 2707 565 an-

567 591 769 674 tiquis
813 588 1247 655 divisionibus
1290 591 1436 656 sine
1482 592 1782 676 exemplo
1827 598 1973 672 est,
2017 611 2213 678 quum
2255 592 2430 657 alter
2464 593 2706 678 ubique
2785 658 2796 663 ,

567 695 711 761 fere
737 702 1054 780 recurrat,
1088 713 1404 785 sagacem
1430 694 1719 761 affirmat
1742 696 2060 761 Bunsenii
2091 696 2560 779 coniecturam,
2596 698 2708 782 qui

571 795 938 882 (Descript.
966 798 1167 864 Urbis
1194 800 1451 866 Romae
1493 798 1571 864 T.
1600 796 1657 881 Ι,
1693 817 1755 884 p.
1791 794 1972 878 149.)
2012 798 2143 862 tria
2171 798 2423 863 sacella
2464 816 2507 863 a
2528 800 2710 863 Var-

570 916 732 964 rone
788 903 1038 965 omissa
1095 903 1164 965 in
1222 906 1453 966 vetere
1512 897 1839 985 Capitolio
1922 902 2070 965 sive
2121 896 2444 981 Quirinali
2494 901 2711 968 fuisse

573 1003 969 1086 suspicatur.
1053 1004 1226 1067 Nam
1255 1018 1565 1067 numerus
1608 998 1848 1068 XXIV
1894 1003 2272 1089 imaginum,
2317 1018 2507 1088 quem
2546 1021 2710 1068 con-

574 1105 679 1165 tra
722 1100 879 1166 Aldi
939 1100 1453 1165 emendationem
1508 1097 1582 1164 C.
1627 1098 1705 1165 0.
1763 1100 2000 1165 Mulier
2049 1118 2156 1186 ap.
2213 1102 2577 1167 Varronem
2631 1098 2710 1169 12.

571 1200 649 1265 L.
692 1200 858 1284 v11,
898 1201 985 1264 44
1027 1207 1278 1286 tuetur,
1319 1220 1465 1266 cum
1501 1201 1715 1285 ipsius
1759 1201 2079 1266 Varronis
2121 1201 2397 1268 XXVII
2442 1204 2712 1268 sacellis

577 1318 709 1364 non
767 1301 1138 1387 quadraret.
1224 1304 1543 1369 Fortasse
1598 1309 1821 1368 tamen
1876 1302 1982 1369 hic
2035 1305 2223 1369 locus
2276 1305 2726 1372 efficaciorem

579 1404 778 1467 etiam
815 1402 1202 1471 medicinam
1246 1398 1606 1471 desiderat.
1693 1405 1842 1471 Hoc
1885 1411 2129 1470 certum
2146 1453 2168 1487 ,
2224 1411 2294 1470 et
2345 1407 2612 1497 effigies·
2644 1412 2716 1474 et

579 1504 831 1570 sacella
872 1506 959 1571 ad
1003 1508 1360 1574 Herculem
1405 1515 1742 1573 auctorem
1781 1506 2040 1589 referri,
2083 1514 2151 1573 e‘t
2175 1508 2547 1596 Argeorum
2571 1516 2715 1575 'no—

579 1605 861 1671 minibus
906 1627 1063 1674 non
1101 1627 1306 1674 casu
1349 1608 1619 1673 fortuito
1663 1605 1902 1673 iisdem
1940 1606 2281 1672 eosdem
2322 1605 2559 1672 heroes
2605 1614 2717 1673 at-

583 1725 713 1791 que
751 1709 1206 1799 imagunculas
1250 1704 1635 1801 significari.
1722 1708 2000 1778 Ovidius
2044 1712 2241 1777 testis
2285 1716 2413 1792 est,
2452 1712 2565 1795 'qui
2594 1711 2634 1776 l.
2663 1710 2710 1775 l.

583 1809 895 1893 antiquae
939 1813 1285 1898 religionis
1332 1829 1578 1876 causas
1605 1810 1826 1896 lepide
1852 1828 2035 1876 more
2078 1826 2201 1875 suo
2239 1816 2308 1875 et
2328 1816 2564 1895 argute
2591 1830 2719 1876 ex-

584 1908 835 1990 plicare
881 1912 1107 1978 studet
1157 1934 1219 1978 v.
1270 1914 1502 1977 636—
1518 1913 1668 1977 660.
1761 1910 2108 1976 Caeterum
2149 1911 2562 1996 gentilitium
2593 1912 2721 1978 he-

584 2024 766 2070 roum
809 2026 1029 2072 eorum
1073 2011 1313 2074 cultum
1359 2011 1573 2072 fuisse
1617 2025 1696 2071 eo
1736 2011 1934 2072 etiam
1972 2025 2335 2090 monemur,
2378 2011 2552 2105 qnod
2593 2015 2720 2079 Li-

583 2105 940 2186 beralibus,
981 2104 1107 2171 hoc
1152 2112 1280 2186 est,
1322 2123 1447 2187 quo
1491 2103 1600 2166 die
1635 2088 1920 2185 juvenes
1964 2111 2126 2188 toga
2169 2112 2386 2170 sumta
2422 2114 2575 2173 novi
2614 2116 2719 2176 ci-

584 2220 707 2269 ves
736 2206 1205 2291 gentilitiorum
1234 2205 1424 2269 simul
1457 2202 1769 2268 honorum
1799 2205 2157 2287 participes
2186 2204 2439 2286 fierent,
2462 2211 2721 2289 publice

584 2304 1032 2391 placabantur.
1078 2304 1179 2372 Cf.
1228 2305 1417 2373 Ovid.
1461 2306 1640 2370 Fast.
1681 2304 1803 2389 111,
1847 2298 1998 2371 ⁷91.
2090 2306 2238 2372 Nec
2281 2323 2332 2371 a.
2356 2307 2718 2373 funebrium

588 2423 926 2474 sacrorum
980 2411 1239 2475 ratione
1295 2408 1420 2475 hoc
1465 2406 1821 2474 abhorrere
1863 2407 2095 2490 credo,
2153 2407 2328 2493 quod
2365 2408 2721 2473 Flaminem

585 2506 851 2576 Dialem
908 2512 1040 2575 nisi
1081 2514 1423 2596 incomptis
1486 2516 1556 2575 et
1598 2512 1881 2596 impexis
1936 2510 2191 2595 capillis
2234 2516 2559 2677 tamqqgm
2614 2510 2726 2575 ln-
2797 2496 2800 2503 ’

588 2616 855 2697 gentem
899 2610 985 2675 ad
1010 2613 1278 2701 Argeos
1320 2610 1644 2677 accedere
1686 2611 1881 2675 nefas
1910 2609 2200 2675 habitum
2231 2615 2336 2675 est
2470 2611 2516 2675 f
2557 2613 2727 2677 enim

589 2710 953 2777 Masurium
993 2710 1310 2778 Sabinum
1348 2730 1452 2795 ap.
1483 2709 1649 2775 Gell.
1679 2709 1789 2791 X,
1820 2710 1883 2774 5.
1979 2710 2295 2776 Maiorem
2338 2704 2555 2774 autem
2599 2728 2729 2774 ex-
2845 2750 2852 2754 —

591 2813 999 2875 cusationem
1043 2813 1285 2873 erroris
1314 2809 1464 2872 hinc
1493 2807 1740 2871 habent
1766 2805 1936 2891 quod
1976 2808 2334 2871 Tuscorum
2362 2804 2729 2892 disciplina,

598 2926 773 2993 quae
809 2913 879 2973 in·
923 2908 1273 2993 expiandis
1316 2909 1668 2996 inferorum
1708 2909 2078 2973 numinibus
2120 2908 2729 2997 tremendornmque

593 3007 988 3075 Acherontis
1037 3009 1302 3075 deorum
1355 3011 1460 3074 ira
1515 3001 1885 3075 avertenda
1928 3013 2372 3076 cummaxime
2398 3015 2732 3079 versaba-

592 3117 699 3177 tur
745 3112 866 3193 (ct'.
924 3114 1095 3177 enim
1140 3112 1395 3196 Mtiller.
1447 3111 1531 3176 de
1575 3111 1886 3178 Etruscis
1931 3111 2068 3196 111,
2097 3113 2146 3176 4
2160 3159 2182 3195 ,
2228 3113 2369 3193 14.)
2453 3105 2731 3180 Romani

596 3214 1051 3298 superstitiosi
1091 3215 1371 3277 omnium
1415 3214 1728 3278 Deorum<
1749 3214 2034 3278 cultores
2082 3229 2290 3301 aegre
2331 3227 2563 3279 carere
2604 3235 2733 3300 po-

595 3321 818 3382 terant
854 3315 1073 3397 (Mun.
1116 3315 1275 3380 ibid.
1309 3314 1432 3396 111,
1481 3321 1542 3396 1,
1575 3315 1699 3395 4.).
1784 3316 1956 3379 Nam
1997 3311 2515 3400 quandocunque
2555 3313 2735 3381 dini-‘-

598 3418 780 3483 cilior
821 3416 1105 3505 prodigii
1146 3419 1451 3501 quaestio
1492 3423 1653 3480 nata
1697 3421 1839 3496 est,
1880 3414 2268 3498 haruspices
2312 3434 2400 3480 ex
2441 3415 2733 3500 Etruria,

600 3521 706 3583 cui
744 3521 932 3604 genti
962 3520 1447 3582 accuratiorem.
1480 3534 1699 3581 rerum
1728 3516 2094 3600 divinarum
2121 3520 2568 3606 cognitionem·
2590 3520 2735 3585 cul-
2867 3575 2870 3578 ,

585 3625 866 3703 tumque
909 3619 1371 3702 perfectiorem
1441 3637 1634 3703 quam
1692 3620 1861 3703 ipsis
1921 3637 2082 3685 esse
2141 3619 2497 3694 credebaut
2554 3622 2737 3701 [Liv.

598 3721 683 3802 V,
726 3722 848 3801 1.),
890 3722 1085 3786 acciti
1119 3725 1291 3783 sunt.
1337 3720 1552 3800 (Mun.
1598 3720 1640 3783 l.
1683 3718 1880 3802 1.111‚
1926 3724 1987 3803 1,
2018 3723 2075 3786 1.
2124 3724 2435 3806 passim.)
2494 3721 2599 3785 Ab
2630 3720 2736 3785 his

534 3893 547 3906 .
603 3824 962 3908 praecipue
1003 3823 1343 3896 Romanae
1384 3827 1648 3886 mentes.
1668 3824 2028 3888 terroribus
2054 3825 2348 3908 percitae
2390 3822 2739 3888 inferorum

603 3921 1005 3989 formidinem
1047 3925 1416 4006 imbibisse,
1458 3924 1835 4010 laetamque
1869 3928 2205 3990 aeriorum
2243 3925 2567 3989 numinum
2609 3943 2739 3989 na·-

600 4033 815 4091 turam
860 4025 1014 4094 Orci
1054 4028 1325 4092 tristitia
1378 4034 1798 4111 permutasse
1852 4026 2173 4091 videntur.
2261 4025 2454 4091 Unde
2493 4029 2737 4093 Mulie-

603 4141 720 4189 rus
763 4125 841 4205 [l.
878 4128 922 4191 11.
965 4126 1100 4208 ΙΙΙ,
1142 4127 1224 4209 4,
1268 4128 1404 4206 10.)
1461 4131 1678 4211 ipsam
1734 4126 2025 4191 Manium
2076 4123 2365 4190 Deorum
2421 4128 2739 4214 originem

607 4227 850 4294 Tuscis
891 4227 1232 4310 vindicare
1273 4230 1510 4311 voluit,
1571 4245 1764 4312 quam
1804 4231 2060 4310 tamen,
2115 4233 2188 4295 ut
2227 4230 2445 4315 ipsum
2473 4244 2742 4326 nomen,
