3119 5013
2421 395 2553 462 101
2627 460 2633 466 .

392 557 480 637 R.
512 554 569 636 1,
605 548 887 638 ρ.”561.)
932 545 1085 636 post
1125 513 1402 615 exactos
1440 544 1652 653 reges
1691 548 2076 636 regiamque
2106 546 2347 614 deinde
2374 553 2538 615 stir-

267 687 275 693 -
394 674 549 742 pem
606 654 1013 740 reipublicae
1048 670 1270 717 curam
1316 664 1686 736 supremam
1729 669 1857 714 non
1899 653 2122 714 statim
2161 651 2382 736 populi
2419 654 2529 718 in-

350 758 684 827 2discreto
745 756 1010 822 arbitrio
1052 755 1462 840 permissam,
1503 752 1629 818 sed
1665 755 1936 838 primum
1978 755 2047 817 in
2100 753 2528 819 Valeriam

290 898 296 913 ·
393 867 660 949 gentem
706 859 915 924 veluti
967 856 1365 922 hereditario
1411 854 1691 942 quodam
1743 859 1884 920 iure
1942 857 2297 941 transiisse
2351 854 2528 920 divi·-

393 964 594 1027 navit.
678 961 827 1026 Non
870 956 1077 1023 modo
1104 961 1275 1023 enim
1333 960 1559 1046 regios
1603 955 1887 1022 honores
1943 958 2120 1022 alios
2172 956 2526 1042 permultos

340 1108 343 1111 ι
388 1063 484 1129 illi
524 1063 711 1151 genti
767 1067 1074 1153 servatos
1108 1060 1244 1126 sed
1284 1063 1512 1147 regias
1557 1057 1765 1124 aedes
1805 1061 1990 1143 ipsas
2018 1057 2340 1124 domicilio
2382 1064 2527 1123 tra-

391 1167 571 1250 ditas
619 1162 776 1231 esse
838 1164 1158 1231 videmuS.
1248 1163 1395 1246 Qua
1448 1166 1515 1230 in
1570 1182 1645 1228 re
1696 1181 1903 1250 aegre
1958 1181 2192 1248 paene.
2232 1163 2525 1246 ferimuS,

389 1269 562 1357 quod
599 1267 1024 1335 Niebuhrium
1067 1268 1150 1333 ab
1194 1266 1405 1333 altera
1463 1272 1655 1352 parte
1709 1271 1841 1330 tam
1886 1267 2125 1329 eximle
2174 1265 2363 1328 nobis
2409 1263 2522 1328 fa-

335 1360 341 1415 *
382 1379 648 1440 ventem
691 1374 774 1437 ab
817 1372 1027 1437 altera
1069 1368 1524 1434 adversarium
1571 1370 2021 1433 nanciscimur.
2110 1367 2282 1431 Nam
2319 1366 2526 1455 longe

386 1477 581 1541 aliter
623 1481 821 1559 atque
863 1474 1038 1537 illum
1093 1474 1197 1552 (in
1259 1464 1753 1536 adumbratione
1809 1470 1937 1534 fori
1980 1470 2288 1551 Romani,
2344 1467 2520 1554 apud
2607 1536 2614 1545 ,

384 1581 678 1645 Bunsen.
736 1578 872 1642 rell.
914 1576 1248 1661 Descript.
1309 1577 1497 1641 Rom.
1541 1576 1619 1640 Τ.
1661 1573 1783 1657 ΙΙΙ,
1825 1574 1878 1639 Ι.
1925 1597 1988 1661 p.
2027 1574 2171 1655 64.)
2218 1577 2360 1640 eius
2403 1593 2522 1640 re·-

387 1683 607 1769 gionis
651 1681 818 1745 fines
860 1679 1243 1746 describere
1286 1698 1410 1743 nos
1448 1683 1652 1763 patet.

1262 1845 1479 1931 vap.
1525 1850 1688 1919 17.

358 2052 369 2059 ⁸
475 1970 1052 2038 continuatur
1101 1971 1362 2055 caput
1414 1914 1898 2054 proximum.
1944 1962 2437 2081 Descriptio
2509 2013 2514 2021 .
2613 2008 2628 2020 x

672 2069 1067 2138 Summae
1112 2067 1445 2134 Sacrae
1495 2063 1700 2134 Viae
1745 2068 1826 2132 et
1858 2065 2235 2151 reqioniae

1100 2172 1338 2267 circa
1411 2167 1767 2236 Veliam.

586 2287 862 2354 Sacram
905 2291 1074 2352 enim
1100 2260 1293 2352 Viam
1329 2288 1517 2351 iuxta
1557 2261 1927 2350 Palatinum
1968 2289 2245 2351 montem
2288 2290 2355 2350 et
2381 2285 2515 2350 Ve-

306 2462 315 2481 .
384 2392 540 2454 liam
579 2406 819 2451 versus
853 2387 1238 2478 Capitolium
1284 2406 1327 2450 a
1349 2388 1590 2451 'dextra
1633 2391 1779 2451 sive
1822 2388 2119 2451 orientali
2166 2388 2289 2452 fori
2326 2390 2518 2472 parte
2553 2428 2554 2433 κ

388 2484 760 2553 tetendisse
788 2502 1161 2563 censemuS,
1186 2487 1302 2550 *ita
1340 2493 1410 2549 ut
1437 2488 1651 2570 ipsam
1688 2503 1998 2552 summam
2025 2486 2279 2558 Veliam
2306 2488 2443 2553 foro
2473 2506 2516 2553 a

352 2586 661 2653 *meridie
701 2590 1156 2669 imminentem,
1201 2603 1489 2668 ascensu
1506 2587 1752 2656 „acclivi
1796 2589 1878 2652 ab
1915 2590 2164 2652 oriente
2192 2596 2536 2678 tangeret.¹

383 2694 580 2760 Hanc
624 2691 1018 2759 Summam
1061 2691 1419 2759 Sacram
1442 2694 1675 2774 Viam
1717 2693 1989 2775 dictam,
2047 2713 2219 2780 quae
2261 2699 2321 2760 si
2365 2696 2513 2761 edi—-

382 2802 521 2861 tum
559 2794 792 2860 Veliae
840 2794 1065 2858 collem
1109 2795 1195 2858 ab
1239 2811 1481 2860 occasu
1525 2797 1684 2879 ipsi
1701 2798 2133 2860 imminentem
2187 2815 2515 2882 respexe-

378 2898 498 2976 riS,
528 2901 710 2959 recte
718 2894 885 2957 sub
919 2894 1163 2960 Velia
1207 2892 1478 2957 dicatur.
1552 2892 1698 2975 Qua
1726 2912 1869 2959 cum
1899 2898 2249 2975 sententia,
2275 2915 2512 2981 quam-

327 3063 334 3072 ,
378 2999 486 3062 vis
532 2996 685 3060 alibi
732 2994 1119 3076 dissentiat,
1165 2985 1682 3060 consentientem
1724 2993 2041 3061 habemus
2086 2995 2508 3065 Bunseninm.

378 3100 554 3163 'Nam
606 3103 788 3161 recte
842 3097 953 3160 ille
1007 3096 1263 3181 quidem
1323 3095 1723 3162 Summam
1768 3097 2384 3166 Sacram-Viam
2441 3108 2512 3168 et

384 3190 787 3265 Summam
827 3197 1142 3263 Veliam
1185 3199 1387 3284 probe
1432 3198 1903 3265 discernendas
1966 3220 2124 3266 esse
2167 3209 2384 3268 monet
2427 3204 2515 3285 (1.

383 3297 426 3361 l.
471 3317 532 3381 p.
561 3296 703 3376 81.)
749 3299 1058 3386 attigisse
1102 3304 1320 3362 tamen
1365 3317 1509 3363 eam
1557 3305 1625 3364 et
1667 3320 1866 3384 super
1893 3308 2160 3386 partem
2184 3305 2327 3367 eius
2358 3304 2506 3368 col-

381 3400 466 3464 lis
514 3346 913 3464 tetendisse&
907 3421 966 3485 p.
992 3420 1097 3486 sq.
1126 3402 1271 3485 ipse
1314 3403 1425 3484 ait.
1482 3399 1623 3465 Iam
1645 3420 1824 3483 vero,
1867 3417 2251 3498 ‘quamquam
2275 3407 2504 3471 Asco-

377 3505 531 3569 nius
591 3493 677 3564 ad
735 3498 869 3564 Cic.
919 3502 1053 3566 Pis.
1095 3500 1198 3566 22.
1254 3505 1333 3569 Β.
1386 3504 1655 3591 Hygino
1707 3512 1882 3587 teste
1938 3509 2004 3571 in
2064 3507 2225 3573 libro
2283 3511 2506 3593 priore
2623 3523 2628 3530 ⁴

379 3604 465 3671 de
526 3604 688 3667 viris
743 3602 940 3666 claris
982 3603 1350 3670 Varronem
1390 3606 1662 3671 tradere
1714 3605 1955 3691 refert,
2011 3610 2156 3691 „M.
2214 3609 2502 3691 Valerio,

380 3706 844 3792 quia-saepius
904 3707 1187 3789 vicerat,
1246 3697 1449 3774 aedes
1508 3712 1576 3775 in
1619 3710 1873 3776 Palatio
1936 3715 2217 3777 tributas
2227 3760 2250 3794 ,
2307 3721 2374 3778 et
2420 3715 2497 3778 P.

381 3808 720 3870 Valerio
770 3799 1008 3869 Volesi*
1037 3806 1165 3872 filio
1206 3809 1577 3892 Poplicolae
1617 3799 1870 3876 a'edes
1915 3814 2306 3897 publicas
2350 3816 2496 3892 sub
2546 3810 2553 3816 ’
2630 3878 2638 3887 ,

342 3915 345 3918 ’
382 3909 652 3990 Velia,
690 3909 801 3973 ubi
844 3923 1016 3973 nunc
1056 3909 1337 3990 Aedes
1375 3914 1829 3980 Victoriae
1874 3921 2012 3997 est,
2066 3915 2498 4000 populum‘ex·
2561 3897 2578 3916 ⁸

378 4009 566 4094 lege,
600 4025 812 4091 *quam
863 4010 1037 4093 ipse-
1067 4010 1342 4092 tulerat,
1394 4016 1889 4080 concessisse“:
1949 4035 2075 4080 non
2121 4022 2337 4080 tamen
2383 4014 2495 4081 id-

378 4113 555 4177 eirco
613 4109 984 4177 Bunsenius
1030 4114 1205 4178 Livii
1259 4134 1487 4180 sanum
1540 4117 1751 4182 locum
1792 4109 1920 4200 (11,
1960 4121 2064 4198 7.)
2120 4105 2494 4186 coniectura

252 4249 259 4257 ·
375 4220 634 4281 tentare
673 4211 963 4280 debebat·
994 4237 1095 4266 -τ
1123 4236 1508 4303 quamquam
1535 4238 1682 4283 eam
1708 4223 1915 4304 ipsum
1954 4223 2083 4285 iam
2126 4224 2524 4307 improbare·
2604 4263 2608 4268 ,

226 4327 229 4332 '
310 4411 313 4414 Α
371 4316 570 4385 video
612 4317 682 4380 in
712 4314 1348 4403 .addendis·T.{H,
1389 4341 1452 4407 p.
1480 4321 1776 4385 6573--
1829 4324 2091 4389 Livius
2132 4328 2304 4391 enim
2366 4344 2493 4393 ae-
