3119 5013
639 510 751 584 set
792 532 898 602 ap.
927 516 1216 606 August.
1261 513 1405 585 civ.
1434 513 1522 583 D.
1563 512 1683 601 1-v,
1722 516 1770 586 8
1811 524 1881 585 et
1922 521 2026 587 u.
2071 520 2244 587 Non.
2269 519 2486 605 2:1³6,
2527 520 2639 591 ubi
2678 540 2770 593 ex
2821 518 2832 531 ‘

554 706 559 713 ι
638 623 787 686 eius
821 617 1075 686 Catone
1119 637 1177 683 s.
1222 617 1308 683 de
1345 618 1602 684 liberis
1616 617 1983 686 educandis
2031 622 2228 689 libro.
2288 624 2543 706 „Hisce
2579 625 2769 695 Ma-

634 722 803 788 niis
834 719 1102 806 (vulgw
1146 719 1484 800 manibus)
1527 719 1762 786 lacte
1785 720 1861 787 fit
1906 739 2035 787 non
2057 724 2249 805 vino,
2292 722 2588 789 Cuninae
2609 744 2768 809 pro-

633 828 783 910 pter
825 840 1065 904 cunas,
1106 822 1431 888 Ruminae
1471 828 1741 906 propter
1777 841 2024 907 rumam
2038 866 2064 903 ‚
2107 825 2153 890 ἱ.·
2197 824 2256 890 e.
2298 827 2518 910 prisco
2556 844 2767 895 voca-
2825 905 2846 922 Ι

633 924 785 994 bulo
827 942 1188 990 mammam.
1190 924 1235 961 “
1317 922 1562 989 Iterum
1601 930 1820 989 autem
1863 923 2032 993 haec
2055 927 2281 992 Mania
2309 928 2593 1023 Rumina
2636 946 2764 994 ea·-

628 1028 782 1097 dem
826 1045 998 1114 quae
1039 1027 1224 1094 Acca
1260 1027 1616 1108 Larentia,
1677 1028 2010 1114 regiorum
2050 1029 2320 1095 fratrum
2355 1031 2578 1096 nutrix
2593 1077 2617 1113 ,
2655 1033 2763 1098 cui
2825 1102 2848 1113 f

629 1130 805 1216 apud
852 1131 1045 1195 ficum
1084 1127 1511 1194 Ruminalem«
1540 1127 1716 1194 lacte
1758 1129 1977 1196 fiebat.
2062 1132 2233 1197 Nam
2278 1133 2488 1199 Varro
2541 1131 2632 1199 ‘de
2671 1135 2757 1201 R.

626 1233 713 1298 R.
740 1228 831 1311 11,
870 1232 976 1310 11,
998 1227 1072 1293 ὅς
1128 1228 1323 1309 ,,Νοιι
1361 1226 1662 1315 negarim
1688 1228 1951 1313 inquam
1978 1227 2130 1297 ideo
2174 1229 2347 1317 apud
2377 1231 2579 1297 divae
2606 1233 2759 1299 Ru·-

579 1389 588 1397 .
624 1329 955 1410 miae“·(f.
999 1329 1291 1394 Rumin
1313 1345 1412 1393 ae
1453 1336 1573 1395 aut
1613 1330 1851 1394 Rumia
1892 1331 2103 1397 altera
2147 1333 2442 1399 eiusdem
2479 1337 2756 1401 nominis

624 1434 838 1498 forma
896 1428 1243 1510 habenda)
1283 1447 1387 1513 „a
1408 1476 1413 1481 -
1435 1433 1815 1517 pastoribus
1859 1441 2076 1499 satam
2128 1433 2337 1501 ficum.
2401 1434 2528 1510 ‘Ibi‘
2583 1438 2755 1505 enim

622 1533 844 1601 solent
882 1531 1266 1600 sacrificare
1308 1532 1506 1615 lacte,
1545 1552 1682 1600 non
1724 1535 1880 1601 vino
1891 1580 1915 1620 ,
1958 1541 2030 1605 et
2041 1536 2190 1625 ‘'‘pro
2230 1538 2692 1606 lactentibus&

1472 1745 1687 1836 Gap.
1731 1753 1884 1823 27.

615 1968 625 1974 ,
749 1916 881 1987 De
922 1915 1628 2002 Compitaliorum
1669 1936 1846 1982 cum
1886 1919 2266 2003 privatis
2298 1916 2621 1989 Larum

1206 2017 1497 2082 sacris
1538 2017 2141 2083 communione.
2738 2114 2742 2118 ι
2859 2090 2868 2127 ι

810 2186 1035 2270 Atque
1072 2182 1202 2250 hae
1245 2184 1540 2269 quidem,
1600 2183 1684 2249 de
1746 2187 1979 2270 quibus
2022 2187 2214 2254 modo
2255 2189 2577 2275 diximus,
2631 2199 2746 2260 su-

607 2284 844 2358 nestae
885 2285 1462 2409 Compitaiitiorum
1504 2305 1843 2352 sacrorum
1871 2289 2307 2355 caerimoniae
2335 2290 2567 2356 eodem
2592 2314 2742 2359 mo-

604 2392 733 2481 do,
789 2411 916 2478 quo
962 2391 1030 2456 in
1071 2390 1417 2457 Feralibus
1476 2392 1883 2477 privatarum
1938 2392 2202 2477 proprie
2260 2391 2560 2459 domuum
2609 2413 2738 2483 pa-

604 2494 1083 2564 rentationibus
1129 2492 1479 2561 destinatis
1522 2495 1766 2561 Larum
1815 2495 2218 2582 publicorum
2259 2516 2529 2583 prorsus
2570 2497 2741 2563 obli-

608 2602 777 2667 visci
818 2618 947 2665 non
992 2604 1377 2692 potuerunt,
1420 2601 1523 2664 sic
1564 2616 1783 2685 neque
1831 2599 2109 2684 publicis
2165 2597 2271 2663 his
2323 2600 2539 2664 sacris
2597 2600 2740 2684 pri-

602 2697 827 2788 ratum
880 2702 1121 2766 cultum
1168 2708 1484 2766 remotum
1542 2703 1762 2765 fuisse
1814 2701 2075 2767 abunde
2124 2700 2594 2767 demonstrant.
2673 2701 2759 2768 ΑΔ

602 2797 840 2894 quibus
885 2805 1056 2866 enim
1103 2803 1233 2866 nisi
1276 2820 1319 2865 a
1363 2804 1641 2885 privatis
1683 2821 1799 2885 pro
1845 2804 2130 2888 singulis
2180 2806 2399 2867 servis
2460 2810 2527 2867 et
2563 2804 2739 2869 libe-

599 2906 696 2970 ris
737 2901 1043 2989 singulae
1084 2900 1259 2985 pilae
1303 2906 1371 2965 et
1399 2900 1660 2986 effigies
1694 2904 1759 2965 in
1797 2902 2021 2967 forib
2045 2921 2133 2966 us
2174 2902 2616 2989 ponerentur?
2650 2940 2737 2951 —-
2798 2985 2809 2993 ἢ

598 2995 949 3071 Accedunt
999 3009 1219 3066 tamen
1274 3010 1506 3085 aperta
1550 3021 1591 3065 ι
1599 3014 1843 3067 etei-um
1904 3004 2220 3068 immerito
2268 3014 2584 3089 suspecta
2625 3014 2737 3073 te-

598 3106 931 3171 stimonia.
1017 3103 1189 3168 Nam
1240 3099 1588 3169 Charisius
1630 3101 1689 3186 I,
1730 3124 1792 3190 p.
1838 3105 1941 3169 20.
1984 3112 2150 3169 extr.
2193 3139 2280 3151 ——
2324 3104 2736 3238 Compitalia,

576 3185 669 3275 did
715 3213 857 3289 est,
903 3206 1011 3276 ubi
1050 3223 1206 3287 eoS,
1242 3207 1351 3291 qui
1391 3224 1674 3295 peregre
1715 3181 2105 3289 moriuntur,
2145 3209 2363 3275 colunt
2402 3193 2735 3278 Parenta-

384 3299 437 3311 ”
488 3337 493 3340 ·
594 3309 763 3374 ιίιιιιι
819 3307 1074 3374 dicitur.
1163 3304 1454 3388 Quocum
1515 3308 1678 3373 facit
1722 3304 2021 3373 Glossar.
2077 3307 2332 3374 Philox.
2383 3311 2776 3408 Compita-'s

504 3417 511 3426 “
590 3410 723 3491 lia,
762 3410 979 3473 θεῶν
974 3401 1311 3491 αγυιαίων
1356 3402 1589 3495 ἑορταὶ
1632 3401 1703 3486 αἱ
1747 3409 2090 3493 γινόμεναι
2133 3405 2250 3475 ἐν
2246 3414 2394 3488 ταῖς
2435 3410 2733 3501 τριόδοις

588 3505 725 3578 ὕπὸ
769 3515 901 3574 τῶν
941 3505 1434 3595 προσηιέόντων.
1520 3510 1802 3574 Tantum
1840 3512 2012 3576 enim
2048 3511 2278 3596 abest,
2333 3523 2405 3582 ut
2441 3515 2729 3612 Charisii
2769 3567 2780 3582 .

590 3613 808 3681 locum
851 3629 996 3676 cum
1033 3609 1231 3697 vulgo
1263 3611 1690 3694 interpretum
1736 3620 2100 3698 cormptum
2146 3625 2491 3702 putemyut
2535 3640 2729 3705 quum

593 3730 880 3804 peregre
920 3713 1192 3792 mortuis
1228 3709 1403 3797 apud
1446 3713 1757 3778 tumulum
1813 3719 2128 3782 communi
2169 3719 2571 3785 Feraliorum
2619 3721 2728 3790 die

591 3820 736 3887 fieri
776 3835 929 3884 non.
946 3821 1287 3910 posset—
1310 3816 1439 3879 nisi
1484 3816 1679 3900 forte,
1724 3814 1909 3902 quod
1920 3835 1962 3883 a
1993 3822 2221 3904 paucis
2265 3822 2479 3906 iisque
2507 3820 2750 3890 Grae-'-=

590 3939 671 3989 co
710 3937 896 3986 more
937 3907 1200 3983 imbutis
1242 3916 1486 3983 factum
1531 3937 1717 4002 reor,
1777 3919 2233 4005 cenotaphium
2291 3926 2433 3987 ieri
2492 3929 2724 4013 sepul-

591 4022 715 4094 cri
731 4018 1149 4088 simulacrum
1186 4024 1660 4084 exstruxerant
1699 4054 1783 4066 —
1830 4019 1933 4084 his
1972 4021 2143 4082 inter
2180 4027 2538 4104 praestites
2581 4029 2724 4094 La-

576 4113 743 4204 res,
802 4121 919 4206 qui
956 4121 1172 4185 instar
1211 4122 1491 4187 omnium
1533 4139 1654 4206 per
1697 4097 1898 4184 totam
1954 4120 2286 4188 ciuitatem
2335 4127 2724 4236 colerentur,

595 4223 789 4296 simul
829 4223 1103 4304 inferias
1148 4223 1347 4308 lataS,
1385 4224 1918 4334 verisimillimum
1959 4239 2119 4290 esse
2142 4225 2298 4294 mihi
2335 4230 2676 4347 videatur.
