3119 5013
583 388 710 453 112

583 544 896 606 memoria
937 544 1414 621 Romanorum,
1460 541 1792 609 doctorum
1835 545 2173 628 imprimiS,
2215 545 2450 608 animis
2481 541 2725 622 haesit,

584 649 657 709 ut
697 663 782 708 ne
817 647 945 735 ipsi
990 643 1251 730 quidem
1296 664 1522 710 secum
1557 646 1903 713 ‚dissidere
1946 653 2353 727 vererentur,
2398 644 2466 711 et
2493 664 2727 731 quam-

536 756 539 759 '
583 748 691 810 vis
748 746 990 837 Larum
1062 732 1449 830 praestitum
1512 754 1783 830 natura,
1857 749 2156 832 quamvis
2213 748 2362 831 ipse
2411 748 2727 812 nume'rus

474 906 477 911 ,
587 849 895 930 obesset,
944 851 1160 921 ,noris
1217 848 1386 915 hanc
1447 848 1896 916 difficultatem
1943 856 2011 914 et
2048 850 2351 913 inanibus
2394 849 2728 936 figmentis

584 953 855 1033 tollere,
927 970 1117 1037 quam
1161 940 1547 1038 occupatam
1596 955 1799 1017 semel
1838 956 1907 1018 'et
1950 952 2318 1021 adamatam
2361 941 2729 1037 opinionem

589 1053 904 1119 deserere
962 1054 1246 1118 mallent.
1336 1052 1481 1134 Qua
1522 1059 1588 1119 in
1628 1074 1702 1119 re
1746 1055 1916 1120 duae
1954 1064 2304 1141 praecipue
2351 1058 2727 1124 causae-jis

558 1157 981 1223 commodum
1041 1159 1384 1241 suppetias
1444 1158 1769 1236 tulerunt,
1839 1178 2109 1243 quarum
2167 1161 2371 1243 prima
2426 1164 2728 1239 sanctae,

584 1261 820 1346 quibus
865 1263 1192 1345 penatium
1241 1261 1453 1325 cultus
1502 1263 1850 1327 obvolutus
1897 1270 2061 1345 erat,
2109 1264 2446 1343 tenebrae,
2491 1264 2725 1343 altera,

540 1414 543 1417 2
582 1362 754 1449 quod
798 1365 1104 1445 Lavinii,
1177 1362 1350 1427 unde
1410 1366 1624 1429 omnia
1667 1363 2091 1455 Troianorum
2134 1366 2493 1430 fabularum
2537 1369 2723 1431 initia

575 1469 650 1531 iu
701 1467 961 1541 Latium
1018 1472 1084 1530 et
1141 1466 1378 1532 Urbem
1433 1448 1918 1554 migraverunt,
1982 1469 2273 1534 Penates
2319 1469 2413 1533 dii
2469 1472 2722 1535 inventi

578 1571 764 1647 sunt,
825 1585 965 1630 cum
1009 1568 1160 1650 ipsa
1202 1567 1412 1631 Vesta
1452 1564 1684 1645 (Serv.
1725 1564 1809 1630 ad
1855 1568 1935 1634 V.
1979 1570 2060 1633 A.
2105 1567 2205 1651 ΙΙ,
2248 1556 2408 1634 296!
2435 1568 2570 1652 111,
2618 1570 2716 1634 12.

575 1667 867 1735 Macrob.
911 1666 1001 1748 11,
1045 1670 1146 1746 4.)
1199 1669 1262 1731 in
1309 1667 1752 1747 communibus
1799 1668 2022 1754 oppidi
2058 1671 2502 1754 penetralibus
2544 1671 2723 1752 culti,

575 1788 839 1853 quorum
869 1772 1064 1834 e‘tiam
1091 1789 1395 1834 numerus
1426 1806 1507 1816 -—
1533 1767 1641 1835 hic
1670 1773 1838 1835 enim
1873 1790 2082 1857 usque
2108 1772 2276 1838 adeo
2306 1776 2719 1859 praecipuum

574 1878 646 1936 et
695 1871 1136 1962 ‘firmissimum
1195 1873 1599 1949 confusionis
1655 1874 2059 1940 obstaculum
2099 1911 2184 1923 —-
2227 1876 2544 1941 Romanis
2587 1894 2719 1963 ge·-

574 1976 767 2040 minis
813 1985 1140 2061 parerat.
1227 1977 1372 2042 Hos
1417 1976 1653 2060 quibus
1709 1981 1971 2043 acutius
2021 1977 2326 2042 iudicium
2375 1976 2723 2044 Castorem
2764 2042 2776 2048 ,

574 2084 644 2142 et
689 2079 1016 2147 Pollucem
1072 2082 1642 2146 existimaverunt.
1752 2078 1940 2160 Quod
2000 2084 2068 2144 in
2126 2079 2395 2163 oppido,
2459 2082 2526 2142 in
2585 2100 2715 2163 quo

571 2180 743 2243 situs
814 2185 1170 2251 maritimus
1241 2188 1309 2246 et
1380 2183 1788 2268 navigationi
1856 2185 2251 2264 opportunus
2317 2180 2712 2245 marinorum

573 2279 865 2348 Deorum
913 2286 1111 2350 cultui
1156 2285 1523 2369 cumprimis
1570 2284 1871 2358 favebat,
1913 2296 2229 2366 perquam
2275 2287 2380 2344 est
2424 2298 2702 2345 consen-

568 2388 847 2449 taneum.
931 2388 1099 2452 Nam
1131 2388 1362 2472 interp.
1395 2389 1577 2452 Lion.
1610 2385 1696 2451 ad
1720 2385 1909 2472 Virg.
1940 2384 2107 2449 Aen.
2137 2376 2260 2464 ΙΙΙ,
2304 2382 2416 2451 12’;
2467 2378 2702 2464 „Vm--

526 2486 648 2556 'ro
704 2478 939 2556 etalii
995 2491 1352 2577 complures
1406 2509 1696 2577 magnos
1746 2486 1910 2554 deos
1971 2485 2297 2552 affirmant
2355 2486 2712 2551 simula·-

572 2608 715 2656 cra
758 2590 911 2659 duo
956 2593 1287 2675 virilia,
1345 2590 1738 2659 Castoris
1778 2590 2301 2681 et.PolluciS,
2356 2591 2423 2653 in
2469 2588 2712 2655 Samo-

571 2691 824 2759 thracia
864 2702 1018 2761 ante
1055 2704 1307 2782 portam
1353 2699 1519 2777 sita,
1584 2679 2212 2781 quibus-naufragio
2256 2693 2517 2757 liberati
2556 2700 2711 2757 vota

569 2798 935 2864 solvebant.
981 2835 1066 2847 —-
1150 2799 1286 2865 Dii
1329 2804 1686 2883 penates
1732 2815 1773 2859 a
1816 2794 2406 2860 Samothracia
2450 2795 2715 2875 sublati,

572 2898 655 2964 ab
695 2900 926 2965 Aenea
974 2903 1040 2965 in
1083 2900 1339 2966 Italiam
1385 2896 1652 2961 advecti
1695 2899 1851 2957 sunt
1892 2940 1907 2954 .
1949 2938 1962 2953 .
2015 2937 2069 2971 .,
2124 2909 2287 2973 quos
2328 2892 2502 2953 inter
2544 2909 2711 2955 cae-

570 3005 715 3064 tera
758 2999 906 3065 ideo
949 3019 1297 3087 magnos
1338 2994 1704 3081 appellant,
1743 2989 1911 3077 quod
1958 2987 2042 3053 de
2087 2991 2436 3070 Lavinio
2478 2997 2707 3054 trans-

568 3101 684 3168 lati
726 3104 1038 3183 Romam,
1085 3106 1187 3169 bis
1226 3104 1292 3167 in
1334 3101 1544 3165 locum
1573 3116 1759 3161 suum
1789 3093 2171 3160 redierint·.“
2264 3091 2515 3171 Quibus
2550 3112 2709 3157 ver-

570 3205 675 3276 bis
712 3209 1110 3296 magnopere
1156 3207 1332 3272 subit
1376 3203 1634 3282 mirari,
1694 3197 2119 3285 quod-Varro
2162 3197 2426 3290 ipseqla.
2468 3196 2545 3260 L.
2589 3194 2711 3277 IV,
2770 3203 2778 3212 ’

567 3308 656 3373 56
695 3310 871 3376 Muli.
917 3331 1188 3396 prorsus
1220 3308 1549 3382 contraria
1577 3304 1808 3368 habet:
1848 3302 2159 3383 „Terra
2196 3299 2366 3362 enim
2393 3305 2462 3363 et
2503 3296 2713 3363 Coe·-

569 3411 757 3495 lum,
819 3422 890 3479 ut
933 3412 1428 3480 Samothracum
1471 3410 1657 3473 initia
1703 3407 1972 3483 docent,
2033 3408 2188 3466 sunt
2224 3400 2382 3466 Dei
2420 3401 2711 3488 Magni

571 3522 641 3581 et
677 3514 757 3579 hi
797 3536 996 3601 quos
1043 3514 1218 3582 dixi
1264 3514 1480 3578 multis
1526 3509 1912 3575 nominibuS.
1999 3506 2211 3585 Non,
2256 3522 2425 3588 quas
2465 3503 2706 3570 Samo-

571 3616 826 3683 thracia
886 3625 1041 3683 ante
1086 3625 1312 3701 portas
1370 3616 1607 3704 statuit
1660 3611 1825 3676 duas
1886 3610 2094 3673 virilis
2154 3608 2506 3702 species
2559 3623 2698 3671 ae-

573 3737 810 3802 neaS,
883 3719 1014 3786 Dei
1051 3720 1314 3806 Magni:
1379 3732 1597 3800 neque
1641 3719 1712 3777 ut
1753 3711 1993 3800 volgus
2041 3703 2261 3796 putat,
2317 3711 2368 3773 ii
2406 3706 2596 3772 Sam
2615 3726 2708 3772 o-

571 3821 918 3888 thraces
967 3821 1154 3903 Dei,
1241 3822 1376 3904 qui
1428 3816 1727 3883 Castor
1783 3823 1866 3881 et
1920 3814 2248 3893 Pollux3
2299 3807 2432 3873 sed
2478 3811 2522 3872 ii
2564 3828 2711 3874 mas

574 3930 642 3990 et
679 3925 992 3990 femina.“'
1077 3922 1226 3988 Hoc
1264 3922 1465 4007 igitur
1493 3924 1763 3998 certum,
1805 3919 1993 3981 iuxta
2032 3914 2481 3978 Varronem
2522 3906 2711 3973 Deos
2765 3929 2784 3992 j

572 4046 852 4116 magnos
891 4046 1018 4092 non
1063 4027 1275 4090 fuisse
1319 4022 1722 4100 DioscuroS,
1779 4036 1904 4082 nec
1944 4033 2086 4078 eum
2129 4013 2190 4074 si
2225 4017 2501 4094 penates
2547 4029 2712 4076 eos·-

575 4128 722 4198 dem
761 4150 841 4196 ac
883 4131 1169 4219 Magnos
1206 4127 1427 4206 Deos,
1458 4124 1797 4188 Lavinios
1843 4125 2054 4185 autem
2092 4121 2372 4199 penates
2411 4114 2712 4195 haberet,

572 4232 695 4300 hos
738 4237 922 4320 ipsos
965 4232 1310 4298 Castorem
1355 4236 1424 4294 et
1457 4227 1787 4292 Pollucem
1827 4216 2213 4285 credidisse.
2296 4218 2502 4303 Atqui
2548 4236 2709 4281 eos·
2815 4295 2818 4300 Ι

580 4337 730 4405 dem
770 4351 917 4402 eum
948 4341 1261 4419 utrosque
1299 4332 1652 4399 censuisse
1694 4332 1766 4392 ut
1796 4320 2165 4389 diffidamus
2187 4342 2321 4388 non
2346 4323 2504 4387 sinit
2531 4317 2707 4386 Ser-
