3119 5013
565 392 660 444 ’ἐῢ

568 518 795 613 Begg'
821 520 950 607 -11,
1005 522 1084 591 3:
1156 526 1522 615 „Virgines
1579 528 1897 598 Vestaies
1947 528 2034 611 ‚in'
2086 534 2260 599 urbe
2301 537 2736 610 custodiuntu‘

566 628 790 715 ignem
841 628 1018 693 soei
1063 629 1387 714 publici
1445 635 1957 718 sem1nternum“
1972 682 1994 718 ,
2041 643 2128 703 et
2142 635 2248 720 Π,
2295 640 2416 720 12.
2447 641 2728 723 „Cum-

567 746 696 814 que
748 732 962 796 Vesta
1004 734 1198 825 quasi
1241 733 1514 800 focum
1555 737 1808 802 Urbis
1852 768 1939 797 -—‚-
1982 739 2288 825 amplexa
2342 743 2501 809 s1t“
2567 747 2725 815 Pe·-

562 820 907 895 netr‘alium
943 850 1176 897 nomen
1206 841 1439 900 autem
1482 842 1616 901 tam
1662 845 1808 903 arte
1851 837 2156 917 cumbae
2176 839 2358 908 dea
2357 861 2717 913 connexum

539 940 703 1014 -est,
764 940 837 998 ut
879 922 1209 999 erroribus
1270 934 1463 1002 actus
1508 938 1781 1012 Aeneas
1839 956 2054 1026 paene
2109 945 2598 1015 circumtulisse
2635 965 2736 1014 ea·

562 1053 786 1101 seeum
832 1035 1154 1101 videatur.
1241 1036 1475 1122 ltaque
1519 1059 1649 1104 non
1691 1042 1885 1117 modo
1921 1046 2093 1110 Aen.
2136 1045 2224 1129 ΙΙ,
2266 1049 2426 1112 296.

966 1154 1208 1209 manibus
1239 1159 1405 1210 vittas
1446 1160 1841 1228 Vestamque
1874 1172 2133 1230 potentem

630 1266 635 1271 ·
695 1241 1176 1308 Aeternumque
1210 1243 1454 1308 adytis
1492 1243 1647 1306 etl'ert
1682 1250 2173 1312 penetralibus
2207 1250 2448 1317 i'yuem.

557 1341 680 1407 sed
726 1329 1011 1430 peregre
1053 1343 1314 1466 degens
1361 1346 1444 1411 ab
1489 1347 1748 1412 Aceste
1793 1347 2077 1436 hospitio
2136 1365 2459 1438 exceptus
2515 1363 2711 1442 patre

553 1464 674 1532 per
713 1446 1101 1513 insomnium
1146 1449 1293 1513 tiso
1310 1449 1419 1533 V,
1460 1449 1625 1519 745·

689 1569 1247 1636 Pergameumque
1281 1571 1329 1618 1,
1343 1560 1532 1620 arem
1567 1577 1617 1622 et
1654 1586 1822 1622 canae
1856 1571 2275 1639 penetralia
2318 1577 2506 1629 Vestae

574 1701 587 1713 ,
690 1655 866 1706 Farre
897 1654 988 1721 piu
1021 1662 1324 1709 verterentur.
1388 1672 1391 1675 ·
1464 1678 1469 1681 ·

550 1758 919 1841 iterumque
942 1757 1282 1842 Ascanius
1327 1752 1456 1840 lx,
1499 1724 1664 1825 258.
1708 1777 1873 1845 „per
1912 1778 2192 1849 magnos
2232 1770 2513 1848 penates
2560 1765 2710 1829 As«-
2783 1815 2798 1821 -

550 1862 884 1945 sarieique
919 1861 1161 1931 Larem
1206 1867 1274 1927 et
1313 1874 1526 1927 canae
1558 1863 2104 1946 penetralia-
2120 1865 2493 1930 Vestae“
2532 1869 2707 1930 ami·-

488 2049 492 2051 Δ
548 1981 693 2029 cum
733 1962 1123 2029 obtestatur.
1214 1961 1294 2026 In
1338 1960 1595 2028 Vestae
1644 1963 1883 2048 templo
1936 1967 2134 2029 etiam
2192 1978 2496 2047 penum
2541 1986 2701 2049 pro-

543 2062 753 2148 priam
795 2080 984 2126 suam
1026 2061 1578 2148 significationem
1614 2056 1982 2129 retinuisse
2009 2058 2267 2141 ‘Festus
2310 2071 2600 2131 testatur
2638 2087 2696 2134 s.

541 2181 606 2229 v,
651 2183 711 2248 p.
740 2161 869 2226 215
901 2160 1226 2227 Lindem.:
1285 2163 1554 2257 „Penus
1600 2171 1880 2234 vocatur
1904 2166 2085 2231 iocus
2114 2168 2377 2250 intimus
2422 2168 2489 2232 in
2528 2167 2698 2234 aede

497 2274 505 2280 ’
541 2250 795 2330 Vestae
824 2265 1169 2353 segetibus
1195 2250 1514 2350 saepius“
1556 2269 1976 2355 [„tegetibus
2008 2270 2287 2352 septus“
2334 2276 2516 2333 reete
2549 2273 2692 2334 sine

541 2363 739 2432 dubio
780 2367 1278 2452 repusuerunt],
1320 2365 1541 2453 „quod
1587 2370 1789 2441 certis
1831 2367 2065 2445 diebus
2093 2370 2414 2453 aperitur:
2458 2370 2504 2435 ii
2550 2368 2692 2436 dies

474 2541 477 2542 ⁷
539 2462 843 2561 religiosi
890 2467 1283 2538 habentur.“
1370 2465 1781 2557 Quamquam
1826 2472 1894 2570 in
1942 2472 2146 2537 certis
2191 2472 2399 2548 solum
2458 2479 2525 2539 et
2576 2493 2696 2539 so·-

535 2567 858 2638 lemnibus
902 2571 1164 2639 dicendi
1194 2573 1494 2639 formulis
1535 2571 1711 2639 hane
1740 2593 1971 2641 vocem
2007 2566 2139 2639 ιι8ιι
2180 2576 2449 2640 senisse
2492 2573 2691 2641 docte

534 2674 810 2742 adnotat
850 2674 1097 2763 Interp.
1145 2675 1231 2741 ad
1264 2677 1450 2764 Virg.
1476 2677 1649 2741 Aen.
1678 2675 1800 2757 ΙΙΙ,
1842 2678 1956 2740 12:
1998 2693 2195 2773 „nam
2242 2681 2309 2739 et
2341 2678 2490 2759 ipse
2531 2695 2692 2760 pe-
2772 2697 2776 2704 ·

531 2777 816 2844 netral
860 2796 1127 2864 penus
1175 2777 1463 2857 dieitur,
1501 2783 1577 2839 ut
1626 2774 1822 2839 hodie
1881 2792 2140 2858 quoque
2194 2775 2483 2867 penus
2509 2778 2690 2842 Ve-

536 2884 731 2944 stae
776 2878 990 2943 claudi
1032 2885 1101 2941 et
1143 2878 1386 2961 aperiri
1427 2874 1682 2938 duntur
1688 2874 1762 2910 “

738 2980 894 3044 Jam
938 2976 1132 3071 vhie,
1177 2987 1389 3066 quam·
1417 2957 1697 3064 egregie
1737 2972 1863 3039 hoe
1906 2974 2277 3046 institutum
2325 2976 2385 3039 ei
2426 2975 2685 3066 Roma-‘-

532 3099 759 3147 narum
802 3081 1193 3169 religionum
1233 3078 1706 3165 quodammodo
1735 3076 1937 3143 indoli
1977 3078 2071 3146 sit
2109 3075 2692 3163 accommodatum,
2738 3155 2748 3167 ,

537 3200 732 3269 quam
776 3179 842 3247 in
887 3183 1217 3248 Laribus
1235 3181 1667 3267 praestitibus
1722 3182 1857 3245 iam
1904 3174 2505 3242 animadvertimus.
2588 3177 2685 3243 Hi

531 3288 704 3382 enim
746 3284 1063 3372 quomodo
1120 3304 1205 3350 ex
1250 3304 1392 3368 pru
1399 3289 1507 3348 ato
1572 3284 1805 3370 regiae
1852 3281 2083 3352 domus
2136 3278 2309 3358 cultu
2354 3280 2418 3342 in
2464 3279 2684 3363 publi-³

528 3375 674 3455 eam
718 3391 1210 3455 venerationem
1255 3383 1612 3453 transiisse
1655 3381 2091 3470 fingebantur,
2137 3383 2441 3466 quoniam
2489 3384 2681 3469 regia

529 3492 758 3558 domus
801 3485 1105 3590 publiea,
1130 3492 1357 3574 stirps
1381 3490 1588 3575 regia
1618 3487 1822 3551 totius
1864 3485 2102 3576 populi
2133 3486 2342 3578 stirps
2382 3481 2683 3549 habeba·
2749 3584 2760 3589 ἱ

496 3602 668 3676 etur,
686 3599 785 3659 ut
828 3591 931 3673 hi,
992 3592 1101 3676 qui
1146 3610 1377 3679 regum
1419 3590 1605 3655 atavi
1645 3592 1843 3653 'etiam
1886 3588 2107 3673 populi
2152 3588 2336 3664 atavi
2381 3593 2448 3656 et
2491 3580 2680 3650 ἐπώ-

438 3765 455 3769 x
502 3713 740 3779 ,νυιιοι
772 3694 1200 3762 haberentur:
1248 3692 1478 3757 eodem
1520 3691 1714 3777 plane
1755 3675 1944 3756 modo
1989 3694 2135 3756 eius
2179 3692 2376 3790 regis
2415 3679 2675 3769 Romus,

528 3799 614 3865 ad
673 3819 877 3885 quem
888 3799 1414 3882 sanctissimum
1473 3811 1804 3885 quemque
1860 3796 2213 3884 patriorum
2268 3796 2505 3860 rituum
2560 3810 2679 3855 re-

489 3897 812 3985 ·ι’θιϊθιιι,
872 3920 1207 3967 commune
1266 3877 1464 3965 Urbis
1527 3899 1854 3985 penetral
1872 3896 2210 3963 continere.
2265 3891 2675 3969 credebatur.

523 4007 836 4069 Numae
885 4005 1054 4068 enim
1093 4000 1415 4083 domus,
1462 4017 1633 4084 quae
1676 3998 1826 4063 dum
1863 4000 2133 4088 antiqua
2174 3994 2385 4059 Roma
2429 3973 2675 4074 stabat,

456 4132 464 4139 ·
525 4106 750 4192 Regia
791 4120 1054 4189 semper
1098 4102 1429 4190 appellata
1475 4106 1617 4182 est,
1675 4101 1743 4164 in
1784 4114 1903 4162 suo
1949 4096 2094 4159 foco
2139 4110 2374 4157 sacras
2416 4093 2671 4159 Vestae
2767 4143 2776 4148 .

526 4208 820 4272 flammas
866 4207 1219 4287 seruabat,
1267 4204 1457 4270 huius
1505 4197 1801 4287 penetral
1846 4196 2047 4263 Urbis
2093 4197 2427 4280 penetral,
2472 4195 2666 4276 huius
2761 4268 2768 4272 ,

438 4297 453 4308 ’
519 4311 819 4376 auium
881 4304 1267 4393 templum
1326 4309 1595 4373 Vestae.
1696 4299 1847 4420 Hoc
1903 4307 2038 4391 tam
2112 4302 2316 4367 certis
2376 4291 2668 4378 ueterum
