3119 5013
595 328 691 415 ῃ
764 310 770 317 ,

592 479 772 564 Sed,
823 483 1271 567 quantumvis.
1288 483 1675 557 coniunctus
1731 483 1934 571 tuerit
1965 485 2234 581 cultus
2242 493 2344 557 et
2360 507 2504 557 cum
2539 493 2742 581 Lari-⁴

590 585 716 669 bus
773 584 1008 669 reliqui
1057 586 1351 664 Penates
1411 587 1478 651 in
1538 584 1714 658 idem
1772 570 2140 654 sacrarium
2185 595 2477 676 recepti,
2540 575 2742 678 probe

586 676 845 769 tamen,
913 692 987 753 ut
1060 705 1183 772 par
1240 678 1383 772 est,
1458 690 1520 753 si
1577 692 1954 765 accuratius
2026 677 2418 776 loquuntur,
2489 690 2742 789 anthui

586 798 936 913 utrumque
988 807 1207 880 genus
1250 791 1659 861 discernunt.
1744 793 1983 880 Itaque
2023 784 2377 864 etiamdum
2409 794 2750 892 Theodo-

582 894 725 959 sius
769 893 863 958 M.
903 896 970 958 in
1013 892 1206 982 lege,
1267 912 1437 997 quae
1482 894 1876 962 estl.106.
1940 885 2191 963 Theod.
2253 899 2340 964 de
2393 892 2733 993 Paganis':

579 972 873 1079 „Nullus
931 999 1186 1061 omnino
1243 990 1610 1062 secretiore
1660 998 1922 1083 piaculo
1961 1000 2274 1083 Larem
2297 1004 2491 1090 igne,
2548 1002 2729 1075 mero

581 1087 964 1176 Genium,
1007 1098 1384 1164 Penates
1429 1096 1663 1165 nidore
1703 1108 2092 1166 ueneratus
2105 1102 2429 1169 accendat
2468 1104 2734 1187 lumina,

508 1212 523 1232 ¹
578 1202 871 1302 imponat
914 1205 1098 1283 tura,
1158 1190 1344 1266 serta
1393 1201 1783 1288 suspendat.
1805 1205 1854 1242 “
1940 1187 2060 1269 Sic
2114 1207 2181 1270 in
2236 1207 2727 1290 imprecationi-

574 1292 700 1370 bus
715 1351 738 1386 ,
783 1306 1085 1389 quamvis
1131 1304 1321 1369 iuxta
1362 1307 1633 1394 positi,
1643 1311 1860 1371 tamen
1902 1313 1972 1371 ut
2019 1305 2270 1372 diversi
2313 1308 2728 1392 appellantur

573 1396 785 1485 Plaut.
828 1407 1033 1473 Merc.
1079 1404 1179 1489 V,
1237 1412 1319 1490 1,
1363 1407 1438 1472 ⁵:
1523 1408 1720 1491 „Dii
1780 1408 2150 1494 penates
2204 1406 2440 1505 meum
2473 1427 2721 1495 paren-⁶
2827 1472 2840 1476 ,

570 1505 705 1577 ιἰιιιι
749 1509 1323 1593 familiaeque
1346 1510 1513 1574 Lar
1553 1513 1895 1597 pater“,
1955 1495 2326 1599 iterumque
2360 1512 2436 1576 7ἑ
2507 1510 2721 1606 „Ego

567 1597 777 1687 mihi
769 1612 950 1678 alios
992 1602 1223 1677 Deos
1265 1611 1638 1677 Penates
1680 1631 2078 1698 persequar
2099 1608 2297 1680 alium
2339 1616 2672 1681 Larem
2674 1614 2722 1654 “

565 1711 756 1803 Virg.
789 1702 958 1781 Aen.
996 1702 1124 1797 IX,
1151 1712 1311 1780 258.
1369 1714 1553 1800 „per
1585 1733 1929 1803 magnos
1974 1717 2031 1781 P
2053 1723 2392 1796 enateS,
2436 1694 2722 1783 Assari-

567 1819 760 1903 cique
800 1819 1111 1883 Larem.
1128 1817 1174 1853 “
1258 1814 1434 1881 Add.
1484 1817 1674 1883 eund.
1700 1816 1900 1903 vm,
1949 1819 2102 1885 543.
2186 1818 2557 1885 Declamat.
2601 1836 2720 1904 pro

566 1920 773 2005 doino
801 1937 960 1984 sua:
1046 1915 1247 1999 „Ista
1286 1920 1402 1982 tua
1442 1918 1717 2003 pulchra
1742 1921 2058 1986 Libertas
2101 1900 2265 1985 deos
2308 1921 2604 1993 Penates
2648 1925 2719 1984 et

375 2009 384 2017 ’
444 2086 451 2087 ,
546 2000 779 2089 ‘Lares
819 2036 1004 2083 meos
1032 2017 1411 2082 familiares
1456 2020 1729 2104 expulit.
1747 2021 1794 2056 “
1875 2022 2048 2084 Nam
2093 2022 2152 2083 si
2197 2038 2473 2119 prorsus
2512 2018 2713 2086 iidem

492 2130 495 2131 ’
548 2125 831 2202 essent,
869 2136 1002 2184 ιιοιι
1042 2118 1386 2201 oportebat
1430 2132 1549 2213 eos
1594 2135 1719 2181 nec
1759 2115 2005 2197 licebat
2051 2119 2369 2207 particula
2415 2118 2503 2185 e‘t
2545 2138 2711 2185 con-

450 2264 471 2279 .
510 2277 518 2281 ,
557 2222 764 2310 iungi.
867 2218 1010 2285 Iam
1064 2236 1225 2284 tero
1293 2217 1527 2305 generi
1585 2216 1875 2300 species
1911 2218 2302 2305 subiuncta,
2373 2204 2532 2304 pars
2577 2218 2709 2288 toti
2787 2249 2790 2253 ’
2835 2286 2836 2289 ,
2909 2207 2928 2217 ’

466 2378 467 2381 ,
557 2320 661 2390 rei
675 2371 697 2406 ,
740 2319 1060 2408 quomodo
1100 2365 1154 2399 „
1173 2319 1432 2401 Italiam
1474 2320 1640 2385 Lat
1623 2337 1872 2417 maque
1907 2318 2129 2385 littora
2148 2326 2202 2367 ‘⁶‘
2259 2307 2524 2387 dictum
2545 2326 2706 2397 'esse

479 2498 487 2514 .
555 2428 599 2493 a
622 2424 903 2525 Virgilio
932 2429 1215 2505 constat,
1256 2428 1330 2487 ut
1354 2421 1520 2486 Pen
1540 2426 1735 2487 ates
1782 2425 1864 2484 et
1889 2421 2164 2486 Lares
2203 2422 2298 2487 sit
2323 2423 2704 2491 Penates

440 2523 443 2530 ’
553 2535 637 2597 ct
673 2509 994 2615 q'uidem
1038 2527 1324 2608 Lares.
1385 2511 1840 2607 Quamquam
1822 2524 1907 2587 1is
1911 2520 2130 2603 locis,
2181 2525 2456 2590 ubitam
2501 2543 2707 2591 accu-

422 2632 449 2643 “
553 2627 704 2699 rate
728 2630 1191 2696 discernuntur
1203 2629 1342 2693 Lar
1369 2625 1770 2707 etPenates',
1790 2632 1863 2691 ut
1889 2613 2106 2692 Plaut.
2137 2626 2176 2691 l.
2189 2626 2231 2691 l.
2254 2628 2445 2715 Virg.
2474 2627 2560 2693 A
2570 2613 2707 2710 IX,

549 2734 704 2818 258,
731 2732 1026 2800 Penates
1052 2724 1195 2795 κατ’
1227 2721 1519 2830 ἐξοχὴην
1498 2730 1548 2793 1i
1577 2727 1859 2813 intelligi
1899 2733 2222 2811 possunt,
2262 2730 2375 2812 qui
2400 2747 2530 2793 non
2557 2730 2706 2793 La-

540 2856 668 2903 res
712 2840 947 2902 essent
963 2876 989 2911 ,
1043 2827 1408 2912 eorumque
1458 2828 1899 2911 appellatione
1942 2826 2228 2892 nondum
2279 2827 2702 2916 continerem
2815 2872 2819 2876 -
2920 2827 2926 2832 ’

503 3011 523 3025 .
548 2946 673 3005 tur.
759 2934 905 3000 Illic
926 2935 1135 3021 igitur
1159 2930 1420 3013 „Lares
1461 2932 1529 2992 et
1554 2927 1898 3009 Penates“
1927 2930 2030 2992 sic
2058 2927 2324 3011 dictum,
2367 2935 2440 2994 ut
2473 2910 2697 3013 „Pin-

452 3103 455 3104 ,
548 3038 751 3105 daras
787 3043 857 3103 et
881 3052 1125 3101 novem-
1145 3033 1341 3120 lyr-101
1352 3032 1398 3068 “
1438 3028 1621 3115 apud
1648 3030 2044 3114 Petronium,
2086 3033 2158 3097 ιιι
2199 3033 2344 3098 fere
2367 3032 2545 3099 idem
2583 3036 2696 3117 sit,

544 3133 767 3226 atque
755 3135 1036 3240 „Lares
1072 3144 1142 3204 et
1165 3136 1398 3226 reliqui
1427 3129 1787 3198 Penates“.
1851 3130 2111 3204 Eodem
2137 3115 2326 3201 modo
2355 3135 2694 3224 accipien—

514 3235 699 3308 ‘dum
741 3255 902 3307 esse
937 3235 1280 3321 existimo,
1331 3238 1443 3303 ubi
1500 3237 1861 3315 „Penates
1905 3254 1987 3302 ac
2032 3235 2120 3301 ‹lii
2164 3239 2379 3320 patrii
2376 3241 2427 3277 “
2476 3237 2694 3303 advo-

544 3351 798 3427 cantur,
832 3348 907 3409 ιιι
949 3340 1086 3408 Cic.
1132 3339 1295 3407 Sull.
1343 3359 1396 3404 c.
1439 3339 1542 3404 31.
1581 3358 1697 3424 pro
1740 3336 1932 3404 Sext.
1975 3338 2078 3401 20.
2147 3338 2322 3404 Har.
2364 3357 2542 3425 resp.
2585 3325 2692 3404 17.

541 3437 715 3510 Nam
769 3441 993 3525 „deos
1037 3441 1296 3525 patmos
1313 3439 1357 3474 “
1409 3439 1626 3502 Lares
1671 3439 1869 3542 etiam
1910 3439 2176 3525 proprie
2223 3438 2438 3526 dictos
2484 3453 2690 3552 supra·

440 3541 1009 3625 evulimusll
1046 3539 1693 3623 6.cou.1,18.-=-
1853 3585 1860 3589 -

1298 3706 1309 3740 ’
1430 3759 1662 3847 cap
1706 3708 1839 3833 6.
2321 3843 2330 3860 1

558 3895 716 3971 De
756 3849 949 3978 diis
964 3837 1480 3980 Penatibus,
1524 3899 1675 3986 qui
1705 3897 2082 4004 proprie
2081 3898 2622 3964 decorentur
2665 3923 2678 3988 ι
2731 3919 2736 3925 ·

616 4106 618 4108 >
741 4052 943 4121 Unde
976 4058 1188 4119 ortum
1241 4053 1401 4118 esse
1440 4049 1788 4134 existimo,
1811 4058 1922 4115 ut
1962 4039 2254 4114 Penates
2298 4019 2680 4134 simpliciter
2747 4065 2764 4076 ⁶

537 4149 731 4238 dicti,
783 4156 915 4221 nisi
946 4154 1138 4224 aliu'd
1179 4156 1307 4222 loci
1349 4157 1516 4221 ratio
1563 4152 1913 4233 suaderet,
1962 4168 2094 4237 pro
2122 4151 2207 4215 iis
2252 4152 2438 4250 ipsis¹
2452 4170 2674 4241 ¹pene-⁸

536 4258 799 4326 tralium
827 4259 1121 4338 Deorum
1156 4262 1651 4345 acciperentur,
1697 4257 1808 4349 qui
1827 4269 1976 4332 finon,
1995 4267 2227 4340 essent
2249 4255 2487 4344 Lares.
2506 4252 2674 4347 ..Sic
