3119 5013
523 407 652 477 106

523 563 1025 631 rum‘doctorum
1064 554 1618 651 descriptionibus
1662 563 2155 655 dixssentiamuS,
2205 566 2701 652 perspiciatur„

524 667 714 749 Quod
757 671 820 733 si
871 670 1068 750 etiam
1113 668 1383 734 aliorum
1436 669 1720 733 locorum
1776 671 1971 734 situm
2028 687 2219 753 quum
2272 670 2481 754 ipsius
2528 669 2668 733 ‘fori

521 775 656 835 tum
693 757 857 859 foro
883 772 1354 856 proximorum,
1412 770 1610 858 longe
1653 772 1882 852 aliter,
1932 777 2129 855 atque
2168 769 2509 856 hucusque
2553 773 2665 836 fa-

523 877 693 935 ctum
729 877 869 952 est,
927 873 1325 936 constituere
1383 891 1609 936 sumus
1655 874 1910 954 conati,
1968 874 2194 937 causis
2254 873 2544 938 breviter
2597 877 2665 964 in

521 975 820 1061 margine
882 976 1128 1040 notatis
1183 975 1562 1066 ampliorem
1618 974 2118 1060 expositionem
2152 978 2424 1060 tempori
2483 996 2667 1043 com-
2747 1045 2757 1052 ,

440 1136 444 1140 ,
520 1074 795 1141 modiori
863 1083 930 1142 et
996 1078 1128 1142 otio
1188 1079 1713 1160 reservavimus,
1779 1097 1950 1143 nunc
2009 1078 2178 1143 satis
2237 1079 2487 1144 fecisse
2541 1097 2663 1149 nos

517 1180 682 1260 rati,
753 1181 814 1243 si
869 1187 1097 1245 nostra
1153 1179 1435 1247 locorum
1490 1179 1744 1257 illorum
1798 1179 2201 1245 adumbratio
2269 1183 2662 1249 testimoniis

494 1272 814 1345 'veterum
859 1282 1249 1365 scriptorum
1293 1299 1420 1345 nou
1460 1279 2090 1368 repugnaeroctis
2136 1278 2498 1353 videretur.-
2553 1282 2656 1347 Ab

518 1383 699 1450 Arce
743 1385 942 1471 igitur
987 1390 1054 1449 et
1099 1382 1422 1468 Capitolio
1470 1382 1690 1450 Sacra
1734 1386 1847 1448 via
1888 1403 2124 1448 versus
2172 1385 2492 1448 orientem·
2530 1383 2651 1449 de·-

518 1482 780 1549 scendit
810 1491 1048 1568 ‘usque
1106 1483 1191 1548 ad
1239 1483 1540 1550 Castoris
1579 1483 1870 1567 aedem,
1931 1485 2317 1562 Juturnam,
2375 1486 2659 1570 Regiam

519 1593 590 1652 et
630 1587 946 1664 Vestam,
1003 1584 1200 1651 Curia
1247 1587 1533 1655 Hostilia
1588 1606 1675 1653 ex
1723 1587 2008 1652 adverso
2078 1590 2399 1671 opposita.
2486 1588 2660 1652 Hinc

519 1687 952 1754 dextrorsum
976 1696 1043 1755 et
1086 1689 1228 1755 fere
1271 1688 1610 1756 meridiem
1653 1710 1893 1756 versus
1938 1692 2116 1755 flexa
2158 1690 2366 1755 forum
2420 1692 2661 1755 transit
2695 1772 2700 1777 .

514 1810 881 1878 rursusque
921 1791 1248 1878 paululum
1290 1812 1662 1882 assurgens
1703 1794 1961 1859 Veliam
2017 1795 2232 1879 tangit
2292 1811 2435 1857 cum
2466 1791 2655 1857 clivo

513 1902 742 1984 portae
782 1896 1189 1961 Romanulae
1235 1903 1302 1961 et
1345 1897 1471 1961 Via
1513 1897 1708 1973 Nova
1762 1897 2023 1961 trivium
2082 1895 2398 1958 efficiens.
2486 1891 2659 1957 Inde

515 2018 559 2066 a
603 1999 839 2065 dextra
883 2002 1153 2085 antiqua
1195 2001 1455 2086 Regum
1500 2006 1569 2063 et
1610 1998 1859 2063 Valerii
1902 1997 2131 2061 domus
2144 2041 2167 2076 ,
2214 2013 2383 2077 quae
2425 1992 2659 2058 eadem

512 2102 829 2168 Varronis
886 2109 955 2167 et
990 2103 1207 2167 Verrii
1250 2101 1468 2166 Flacci
1513 2107 1806 2182 tempore
1842 2099 2059 2182 Regis
2111 2090 2392 2189 sacrifici
2439 2092 2654 2156 domi-

515 2206 769 2288 cilium,
815 2220 965 2270 cum
1007 2201 1245 2287 templo
1290 2202 1653 2275 Victoriae,
1711 2216 1753 2261 a
1796 2199 2071 2262 sinistra
2111 2195 2310 2259 Jovis
2355 2192 2648 2259 Statoris
2684 2243 2691 2251 .

516 2307 769 2386 aedes,
828 2308 1007 2372 circa
1043 2303 1319 2369 eandem
1361 2303 1505 2376 fere
1546 2302 1922 2389 regionem,
1976 2299 2089 2362 ubi
2132 2314 2302 2375 nuno
2362 2295 2648 2359 ecclesia

402 2468 421 2475 -
516 2409 590 2479 S.
634 2407 709 2476 S.
757 2406 1041 2473 Cosmae
1086 2411 1154 2469 et
1195 2400 1506 2468 Damiani
1549 2406 1697 2476 est,
1758 2401 1944 2486 cuius
2007 2393 2474 2481 quodammodo
2522 2412 2651 2457 ve·-

516 2511 837 2578 stibulum-
866 2488 1230 2575 efficientes
1268 2506 1575 2589 antiquos
1620 2520 1839 2568 muros
1877 2498 2138 2565 Romuli
2168 2480 2401 2562 aedem
2445 2515 2657 2582 quon·-

416 2663 424 2670 -
521 2617 669 2683 dam
710 2616 930 2694 fuisse
967 2614 1080 2678 alii
1127 2610 1505 2691 voluerunt,
1545 2607 1925 2672 Bunsenius
1969 2604 2312 2667 Penatium
2352 2599 2659 2684 templum
2761 2645 2776 2650 -

520 2720 855 2785 existimat
900 2716 978 2796 (l.
1018 2715 1060 2779 l.
1102 2715 1179 2779 T.
1232 2693 1357 2794 111,
1398 2733 1460 2798 p.
1502 2710 1644 2788 85.)
1731 2707 1927 2772 quta
1970 2712 2311 2788 utramque
2352 2702 2660 2768 dextror-

434 2849 455 2868 „
520 2839 664 2885 sum
710 2824 900 2902 porta
941 2815 1258 2901 Mugoni'a
1319 2832 1458 2877 cum
1515 2811 1679 2894 clivo
1738 2826 1929 2873 sacro
1991 2813 2059 2871 et
2118 2805 2450 2870 Victoriae
2503 2803 2656 2865 fano

517 2923 586 2990 in
626 2919 953 2985 Palatium
1000 2916 1195 2980 ducit.
1281 2912 1444 2977 Inde
1487 2905 1722 2977 iteru‘m
1767 2910 2073 3001 proclivis
2134 2904 2224 2969 ad¹
2267 2902 2542 2969 Carinas
2585 2906 2653 2965 et
2727 2976 2736 2984 ‚

520 3026 831 3096 Streniae
888 3020 1200 3087 sacellum
1267 3001 1497 3083 tendit.
1596 3017 1724 3081 Hic
1784 3021 1978 3100 caput
2027 3011 2281 3079 Sacrae
2334 3009 2520 3072 Viae.
2566 3041 2651 3052 —

517 3128 658 3195 lam
697 3145 855 3194 vero
900 3126 1113 3190 omnia
1157 3124 1394 3207 optime
1444 3126 1680 3185 coeunt
1708 3126 1998 3183 veterum
2040 3112 2450 3188 testimonia,—
2483 3119 2652 3193 quae

438 3267 445 3276 ·
518 3213 605 3299 ab
652 3230 1147 3315 interpretibus
1180 3227 1328 3292 olim
1369 3230 1619 3289 vexata
1661 3223 1805 3287 illos
1864 3226 2047 3306 ipsos
2107 3218 2385 3282 invicem
2439 3229 2656 3275 vexa-

518 3342 689 3401 runt.
772 3335 943 3398 Nam
988 3343 1054 3397 et
1101 3328 1382 3396 Ovidius
1430 3328 1753 3392 Tristium-
1799 3344 2062 3390 suorum
2123 3321 2354 3386 librum
2398 3314 2527 3396 111,
2567 3311 2657 3379 f‘ut

452 3425 459 3432 ⁶
517 3439 794 3505 Romam
841 3442 907 3500 et
951 3435 1323 3522 Augustam
1367 3429 1623 3495 domum
1668 3428 1827 3516 facit
1867 3426 2073 3511 (eleg.
2126 3428 2183 3487 1.
2225 3421 2437 3506 init.):

995 3552 1141 3600 Ilaec
1168 3554 1289 3599 aaut
1321 3548 1490 3611 fora
1533 3544 1703 3593 Caes
1724 3558 1757 3591 a
1775 3542 1910 3607 ris,
1946 3528 2166 3605 ineptas

859 3638 1010 3693 Haec
1042 3641 1120 3685 est
1155 3649 1191 3683 a
1228 3650 1255 3685 s
1273 3649 1305 3682 a
1321 3649 1347 3682 c
1363 3648 1393 3682 r
1410 3633 1487 3684 is*-
1503 3645 1635 3696 quae
1663 3629 1724 3702 vi
1744 3644 1777 3677 a
1808 3642 1989 3678 nomen
2022 3624 2195 3699 habet.

657 3727 761 3779 Hic
794 3724 937 3775 locus
965 3728 1043 3772 est
1082 3720 1266 3770 Vestae
1281 3757 1296 3782 ,
1337 3717 1468 3783 quae
1507 3715 1737 3765 Pallada
1772 3720 1947 3764 servat
1983 3718 2032 3761 ct
2065 3712 2227 3776 iynem
2248 3723 2267 3759 .·

865 3808 978 3869 Ηὶο,
999 3805 1100 3871 suit
1134 3803 1333 3869 autiqui
1360 3818 1390 3852 r
1405 3817 1431 3851 e
1445 3802 1509 3866 ρι’
1527 3818 1562 3851 a
1596 3816 1769 3867 parva
1812 3799 2019 3849 Numae

661 3898 798 3949 lude·
820 3900 1075 3961 petens
1112 3891 1463 3951 deoetram,
1502 3888 1714 3964 [ζοντα
1745 3893 1854 3951 est,
1893 3886 2004 3950 ait,
2042 3883 2149 3933 ista
2183 3876 2458 3941 Palati,
2549 3927 2554 3934 ‚

862 3977 963 4029 Hic
1002 3978 1044 4026 S
1060 3981 1080 4025 t
1099 3990 1133 4023 a
1149 3980 1168 4023 t
1184 3990 1214 4023 o
1233 3988 1298 4037 νς
1333 3972 1426 4023 hoc
1459 3973 1686 4038 primum
1723 3971 1931 4021 condita
1967 3972 2139 4018 Ronm
2179 3965 2307 4012 loco.

526 4079 887 4162 iterumque
927 4074 1066 4140 ille:
1803 4125 1804 4128 ,

674 4182 893 4247 Tempus
927 4180 1060 4229 idem
1097 4177 1357 4232 Stator
1393 4175 1538 4225 aedis
1569 4173 1761 4238 habet,
1798 4183 1950 4237 qum
1984 4161 2243 4215 Romulus
2279 4165 2419 4214 olim.

929 4262 1101 4311 Ante
1136 4259 1454 4308 Palatini
1489 4231 1714 4308 coadidit
1756 4268 1856 4318 ortt
1886 4250 2010 4315 iuyi.

531 4371 601 4432 et
634 4358 963 4431 Martialis
1002 4356 1059 4439 1,
1095 4359 1209 4435 ⁷1,
1250 4358 1481 4424 librum
1524 4363 1711 4432 suum
1755 4352 2126 4437 alloquensz
