3119 5013
594 551 665 634 Ι,
705 552 816 619 46
851 553 1059 635 Urbe
1081 550 1167 633 ab
1212 548 1532 627 hostibus
1590 559 1788 638 capta
1849 553 2145 633 Aeneam
2200 550 2347 621 cum
2388 534 2752 641 frequenti

574 654 998 729 multitudine
1022 654 1108 718 in
1150 670 1409 736 arcem,
1462 650 1533 718 ἐν
1569 640 1617 739 ἧ
1659 650 1774 718 καὶ
1815 648 2002 741 ιερὰ
2043 651 2140 733 τὰ
2183 655 2541 741 πατρῶα
2590 657 2758 732 τοῖς

598 754 857 844 Τρωσὶν
884 747 980 841 ἦν,
1019 773 1100 821 se
1128 758 1472 841 recepisse
1502 755 1724 821 tradit.
1784 756 1977 823 Hanc
2003 775 2261 842 quoque
2281 776 2514 842 quum
2509 753 2752 843 Grae--

489 890 495 899 ·
592 860 691 937 cis
716 858 995 943 gravius
1042 832 1887 940 prementibusrelinquere
1915 864 2191 949 coactus
2212 864 2431 947 esset,
2473 858 2759 943 ahena-5
2817 906 2820 909 ,
2863 938 2868 945 „

591 965 724 1022 tem
769 959 957 1042 ipsos
989 972 1067 1020 se
1115 962 1183 1021 et
1209 958 1445 1045 patria·
1470 974 1670 1023 sacra
1708 974 1985 1022 servare
2029 952 2148 1037 (τὰ
2194 955 2268 1021 δὲ
2312 950 2750 1039 octium-axa&

589 1053 676 1120 τὰ
717 1050 904 1141 ἱερὰ
950 1074 1168 1142 πατρ
1186 1056 1300 1138 ᾦα
1346 1050 1861 1137 διασώσασθαι)
1905 1058 2210 1122 iussisse.
2295 1057 2489 1125 Hanc
2529 1058 2755 1133 fabu-,
2831 1116 2846 1127 s

587 1158 718 1229 lam
763 1154 934 1239 quod
966 1156 1284 1242 Virgilius
1332 1156 1654 1243 neglexit,
1693 1175 1780 1223 ne
1821 1157 2262 1245 miserabilem
2305 1138 2547 1220 Priami
2575 1165 2732 1225 ante

590 1276 746 1328 aras
807 1262 873 1321 et
922 1258 1178 1338 patrios
1223 1255 1429 1320 Deos'
1474 1256 1782 1325 trucidati
1840 1246 2084 1324 exitum
2132 1264 2495 1336 omitteret,
2552 1257 2729 1323 haud

512 1362 535 1431 s
590 1354 827 1429 callide
870 1358 1150 1438 fecisse,
1185 1359 1580 1449 multumque
1625 1359 1884 1425 decoris
1923 1360 2077 1451 inde
2118 1363 2392 1427 carmini
2434 1380 2557 1426 suo
2600 1359 2724 1435 de·-

587 1462 884 1525 traxisse
930 1461 1408 1527 existimamus.
1497 1460 1603 1543 Ita
1643 1465 1813 1539 enim
1857 1440 1946 1547 id,
1961 1482 2142 1549 quo
2156 1470 2364 1541 totum
2406 1460 2740 1557 Aeneidis

476 1582 481 1583 ⁷
588 1572 1044 1651 argumentum
1091 1570 1417 1649 tamquam
1481 1566 1547 1629 iu
1603 1548 1874 1655 cardine
1920 1574 2260 1650 tersatur,
2319 1569 2559 1634 leviter
2605 1580 2725 1631 so-·-

586 1668 716 1732 lum
773 1667 1105 1753 attingere
1160 1668 1386 1749 potuit.
1488 1648 1666 1731 Nam·
1717 1687 1912 1752 quum
1983 1669 2108 1735 hoc
2171 1671 2437 1736 efficere
2506 1669 2731 1747 vellet,

587 1775 658 1834 ut
698 1769 924 1837 Juliae
967 1767 1192 1859 gentis
1246 1785 1329 1831 ιιι
1339 1788 1414 1830 us
1456 1770 1763 1856 Troianis
1808 1774 2022 1838 sacris
2070 1782 2137 1838 et
2179 1776 2434 1858 imperii
2471 1774 2740 1864 pigno-‚

586 1874 768 1936 ribus
815 1871 1008 1935 Latio
1065 1869 1266 1934 illatis
1324 1875 1605 1937 nominis
1653 1875 1930 1939 Romani
1977 1879 2394 1941 maiestatem
2435 1875 2731 1939 Deorum

587 1977 1034 2062 praesentium
1079 1973 1277 2039 ductu
1305 1981 1372 2040 et
1412 1980 1673 2042 numine
1717 1964 2094 2043 condidisse
2121 1978 2480 2053 videretur,
2530 1994 2730 2060 quam

585 2077 740 2142 illud
786 2075 1008 2141 hercle
1050 2077 1281 2141 melius
1327 2083 1395 2141 et
1425 2079 1765 2142 efficacius
1811 2085 2212 2162 assequutus
2245 2084 2458 2159 esset,
2477 2080 2563 2155 si
2601 2095 2730 2141 sa-

588 2201 703 2248 cra
725 2162 1164 2247 Romanorum
1205 2183 1422 2265 patria
1467 2189 1534 2244 et
1576 2182 1871 2265 publicos
1915 2187 2216 2265 penate&
2258 2182 2531 2257 Troiani
2560 2201 2743 2264 quo-
2857 2218 2872 2224 -
2905 2142 2910 2149 l
2945 2184 2948 2185 ’

588 2303 716 2371 que
759 2284 976 2370 populi
1021 2303 1216 2373 quum
1252 2283 1546 2366 publica,
1590 2290 1724 2346 tum
1769 2286 1999 2371 regiae
2042 2275 2308 2370 gentis
2277 2330 2305 2365 ,
2348 2285 2537 2349 cuius
2579 2285 2732 2352 Λα·
2816 2338 2823 2345 ,

502 2412 505 2417 ·
585 2400 754 2452 neas
805 2387 1050 2455 Priami
1094 2385 1276 2470 prole
1324 2387 1557 2450 excisa
1602 2385 1788 2450 solus
1835 2397 1903 2450 et
1942 2386 2277 2475 legitimus
2324 2390 2469 2450 erat
2508 2382 2722 2463 hereS,

585 2490 851 2578 propria
905 2490 1122 2554 fuisse
1188 2487 1733 2556 demonstrasset.
1836 2490 2001 2555 Tum
2060 2492 2230 2556 enim
2302 2506 2477 2568 nova
2530 2486 2731 2551 Troia

589 2591 872 2673 („Troia
914 2589 1173 2655 Roma“
1221 2589 1414 2674 Prop.
1459 2588 1591 2671 IV,
1641 2595 1718 2671 l,
1759 2588 1847 2656 87
1906 2590 2048 2655 coll.
2110 2610 2170 2654 v.
2213 2587 2342 2668 53,
2398 2606 2542 2651 cum
2601 2606 2731 2672 quo

588 2689 1077 2778 componendus
1119 2694 1354 2776 interp
1391 2692 1806 2755 Veronensis
1851 2690 1939 2753 ad
1982 2692 2145 2757 Aen.
2184 2688 2271 2769 ΙΙ,
2312 2663 2468 2750 763ε
2520 2687 2746 2774 „disq

589 2795 919 2861 cessionis
968 2799 1035 2856 et
1074 2795 1367 2856 vaticinii
1571 2789 1987 2872 reparandae
2025 2792 2253 2874 gentis
2304 2777 2655 2870 interpre.

588 2901 661 2956 ut
698 2909 855 2955 ιιοιι
894 2891 1237 2972 perisse
1281 2888 1610 2950 Troiam
1654 2888 2096 2980 signorum
2154 2887 2744 2968 praesentium,

589 2991 1051 3056 maiestate
1095 2983 1608 3074 doceatur-“2
1637 2985 1749 3048 ubi
1792 2983 1977 3071 leg'e:
2033 2982 2114 3049 (1.
2136 2983 2205 3049 id
2246 2985 2619 3049 vaticinium
2661 2990 2742 3071 et·

590 3086 1009 3174 reparandae
1044 3106 1122 3175 g.
1165 3088 1597 3172 interpretor)
1640 3089 1967 3175 *Augusto
2028 3105 2227 3153 sacra
2257 3075 2407 3162 'sua
2464 3087 2732 3168 debere,

593 3206 948 3274 curamque
1015 3205 1239 3274 eorum
1300 3180 1491 3252 simul
1543 3206 1688 3255 cum
1743 3189 1998 3273 imperii
2073 3186 2350 3253 habenis
2402 3194 2733 3272 tamquam

592 3295 698 3358 ius
734 3289 1207 3366 hereditarium
1253 3295 1322 3354 et
1363 3291 1715 3374 nepotibus
1759 3289 1970 3375 regiis
2014 3289 2251 3357 iniuria
2271 3293 2407 3364 tam
2450 3286 2564 3353 diu
2607 3306 2734 3352 ne-

494 3473 509 3478 ,
592 3397 822 3481 gatum
864 3389 954 3453 illi
998 3388 1361 3471 tradidisse
1404 3389 1761 3475 videretur.
1850 3389 2168 3474 Virgilius
2200 3393 2430 3456 contra
2457 3389 2583 3456 ubi
2619 3407 2737 3454 re-.

594 3512 735 3558 rum
773 3489 1002 3566 ordine
1048 3508 1363 3555 enarrare
1400 3493 1703 3577 cogitur,
1763 3491 1874 3572 qui
1931 3488 2174 3554 factum
2216 3491 2342 3571 sit,
2395 3495 2469 3556 ut
2511 3488 2737 3558 hostili

598 3594 739 3679 igni
770 3598 966 3656 sacra
999 3598 1229 3678 erepta
1259 3609 1373 3657 ser
1377 3612 1413 3657 ι
1418 3600 1709 3671 arentur,
1748 3591 2153 3658 transeundo
2181 3594 2398 3677 potius
2424 3600 2495 3657 et
2519 3610 2742 3677 paene

596 3692 822 3760 timide
864 3691 1129 3759 indicat.
1218 3694 1387 3757 Nam
1443 3691 1568 3756 hoc
1628 3698 1877 3768 tantum
1933 3693 2204 3759 Aeneas
2260 3700 2512 3779 patrem
2565 3694 2742 3768 allo·-

600 3801 791 3864 cutus
803 3842 824 3875 ,
866 3793 949 3875 V,
986 3795 1143 3857 717:
1204 3794 1348 3878 ,,Τιι
1390 3794 1723 3881 genitor,
1749 3811 1917 3879 cape
1959 3813 2158 3861 sacra
2202 3814 2406 3860 manu
2440 3797 2737 3879 patrios·
2781 3839 2786 3846 ι

601 3909 733 3983 que
775 3895 1119 3980 penates.“
1202 3897 1373 3974 Nam
1423 3895 1771 3978 Anchisae
1815 3896 2107 3980 domum,
2166 3898 2465 3981 quamvis
2504 3900 2739 3985 regiae

602 4002 982 4090 cognatam,
1038 3998 1253 4081 ipsam
1297 4000 1870 4086 regiam,-·atrium
1897 3999 2183 4078 civitatis
2228 3997 2598 4083 templum„
2626 4000 2744 4066 fo-.

603 4114 749 4161 cum
791 4097 1110 4184 publicam
1159 4097 1406 4163 Vestae
1464 4118 1647 4164 aram
1690 4106 1760 4163 et
1813 4097 2178 4183 penetralia
2233 4095 2741 4183 haudquaquam

603 4198 819 4261 fuisse
844 4198 1011 4284 bene
1055 4216 1178 4284 nov
1185 4199 1256 4263 it.
1343 4201 1584 4286 Neqne
1607 4198 1778 4262 haec
1808 4197 2110 4282 molestia
2158 4204 2224 4263 et
2264 4200 2544 4280 interius
2569 4219 2738 4283 quo-e
2769 4229 2778 4232 ·

609 4293 949 4361 dammodo
988 4279 1385 4421 argumenti
1412 4300 1635 4379 ulcuS,
1681 4296 1850 4382 quod
1896 4303 2092 4383 poeta
2130 4301 2302 4386 ipse
2323 4302 2504 4416 bene
2519 4301 2736 4378 sensit
