3119 5013
352 568 838 674 qnam.11rbem
878 600 967 648 ne
1010 581 1292 671 cogitari
1328 570 1592 670 quidem
1631 568 1841 666 posse
1881 584 2243 652 ratos'iam
2288 606 2328 653 a
2353 590 2503 656 Ro-

349 689 526 754 mulo
582 693 655 751 et
695 686 1000 771 templum
1046 683 1375 751 conditum
1430 691 1499 749 et
1539 700 1738 749 sacra
1799 675 2100 750 instituta
2154 688 2502 758 censuisse

196 862 201 869 ,
352 789 726 873 Dionysius
778 784 1006 854 auctor
1071 793 1178 852 est
1220 785 1358 869 (Π,
1392 785 1521 851 6⁵.
1564 806 1667 871 sq.
1731 787 2120 872 quibuscum
2170 796 2502 860 consentit

298 889 742 975 ‘Propertius
784 888 904 967 lv,
936 888 1001 971 4,
1039 885 1122 953 1⁵
1168 892 1237 952 et
1260 886 1326 969 J,
1364 887 1469 969 16,
1490 885 1559 969 2,
1602 906 1961 974 omnesque
2000 891 2108 974 qui
2150 890 2503 975 Tarpeiam

274 1008 285 1015 ’
356 992 697 1058 Vestalem
726 992 1051 1079 virginem·
1072 987 1543 1070 tradiderunt),
1587 991 1703 1054 vix
1735 1008 1906 1056 nunc
1932 992 2319 1061 monendum
2347 1010 2506 1058 esse

357 1092 596 1178 credo,
650 1092 888 1158 nedum
951 1093 1098 1177 quis
1145 1093 1357 1177 ipsius
1400 1090 1732 1176 Dionysii
1777 1097 2159 1159 commentis
2221 1094 2507 1161 difficul-

354 1194 558 1260 tatem
616 1192 861 1260 tollere
906 1193 1213 1271 studeat,
1270 1214 1381 1258 ιιιι
1383 1214 1554 1259 1sum
1614 1195 1890 1261 Romulo
1947 1200 2179 1262 matris
2239 1190 2508 1265 crimine

355 1297 613 1385 Vestae
656 1315 918 1379 numen,
958 1297 1220 1381 aliaque
1247 1296 1639 1363 absurdiora
1684 1300 1880 1362 etiam
1924 1298 2255 1387 fingentis.
2333 1300 2507 1367 Nam

353 1396 607 1477 Numa,
652 1409 726 1464 ut
768 1416 1007 1464 revera
1048 1401 1153 1463 vir
1197 1415 1296 1462 eo
1318 1400 1581 1463 nomine
1624 1406 1714 1467 et
1726 1400 1879 1464 Rex
1920 1402 2259 1466 Romanus
2305 1403 2506 1468 vixe-
2597 1420 2606 1435 ⁴

355 1502 480 1583 rit,
545 1503 699 1585 quin
756 1502 1166 1566 saeculorum
1227 1498 1512 1564 decursu
1571 1518 1860 1603 persona
1929 1504 2120 1586 quasi
2182 1503 2508 1587 quaedam

358 1600 669 1668 fabulosa
712 1609 780 1668 et
819 1598 1072 1688 μυθικὴ
1132 1601 1315 1679 facta
1369 1603 1494 1683 sit,
1546 1604 1616 1669 in
1676 1621 1869 1686 quam
1914 1604 2148 1668 omnia·
2181 1607 2279 1668 rei
2332 1605 2511 1670 divi-

300 1699 304 1704 ’
348 1720 491 1783 ‘nae
546 1704 849 1769 instituta
901 1698 1234 1788 tamquam
1290 1705 1358 1767 in
1413 1722 1608 1767 unum
1678 1711 2014 1770 auctorem
2078 1705 2507 1784 referrentur,

162 1796 175 1801 ⁶
282 1840 289 1845 ·
360 1807 474 1873 vel
520 1805 729 1887 adeo,
786 1806 941 1890 quin
983 1804 1141 1869 illud
1188 1821 1458 1882 nomen,
1514 1805 2001 1889 prosopopoeia
2055 1806 2343 1890 antiquis
2399 1809 2514 1872 fa·-

360 1909 533 1974 bulis
574 1907 746 1973 satis
792 1907 1089 1994 vulgari,
1150 1909 1451 1993 quamvis
1499 1924 1540 1969 a
1597 1905 1791 1969 nimis
1839 1906 2082 1970 sobriis
2136 1903 2513 1975 inferiorum

310 2022 319 2029 ·
365 2019 723 2098 temporum
764 2013 1197 2096 scriptoribus
1242 2031 1389 2076 raro
1435 2011 1803 2092 intellecta,
1848 2009 1973 2074 has
2014 2012 2203 2097 ipsas
2241 2016 2516 2081 institu-

304 2122 309 2125 ”
357 2119 570 2182 tiones
601 2115 963 2207 significet,
997 2116 1318 2180 neminem
1349 2118 1697 2180 etiamnum
1724 2112 2026 2179 dubitare
2058 2115 2277 2180 credo.
2363 2117 2510 2182 Ve-

362 2233 515 2282 reor
554 2219 809 2304 magis,
849 2223 921 2280 ut
958 2216 1067 2300 qui
1111 2218 1213 2281 sic
1251 2217 1494 2297 invita,
1555 2220 1628 2280 ut
1670 2216 1888 2295 aiunt,
1940 2213 2246 2280 Minerva
2302 2216 2516 2282 inter-

363 2320 608 2404 pretati
650 2324 839 2399 sunt,
882 2317 951 2381 id
993 2317 1183 2402 quod·
1207 2320 1337 2402 ipsi
1381 2319 1763 2398 voluerunt,
1803 2319 2158 2382 effecerint.
2247 2316 2516 2385 Etenim

375 2419 529 2501 dum
567 2420 822 2480 Numae
864 2418 1088 2499 templi
1134 2424 1201 2481 et
1244 2419 1456 2481 cultus
1503 2419 1977 2482 institutionem
2028 2417 2387 2501 vindicantj
2433 2438 2518 2485 ea

377 2525 551 2604 quae
607 2522 674 2581 in
731 2515 972 2601 templo
1037 2523 1310 2590 servata
1374 2519 1518 2582 sola
1577 2520 1722 2583 eius
1780 2518 2122 2604 religionis
2168 2523 2517 2608 ipsiusque
2567 2521 2570 2524 ’

374 2616 603 2703 templi
641 2633 850 2682 causa
890 2616 1190 2697 fuerunt,
1232 2629 1360 2681 non
1403 2616 1594 2682 modo
1637 2634 1679 2680 a
1722 2616 2035 2698 Romulo,
2081 2617 2204 2682 sed
2246 2622 2328 2686 ab
2367 2625 2514 2707 ipso
2631 2641 2642 2650 “

371 2721 611 2787 Aenea
675 2724 745 2784 et
800 2719 1108 2800 Trojanis
1160 2723 1484 2803 repetunt.
1583 2717 1674 2782 Hi
1736 2718 1906 2780 enim
1963 2734 2107 2782 cnm
2166 2722 2517 2803 penatibus
2643 2727 2650 2738 '

312 2822 644 2927 Vestam
716 2819 913 2885 Latio
983 2815 1290 2884 intulisse
1361 2839 1488 2888 uno
1544 2830 1676 2883 *ore
1732 2818 2051 2883 feruntur.
2156 2821 2290 2885 Per
2350 2820 2518 2889 haec

312 2909 745 3012 communia
790 2920 1055 2987 numina
1115 2921 1436 3008 originem
1475 2921 1918 2986 Romanorum
1973 2919 2155 3007 Phry
2153 2923 2334 3012 giam
2390 2923 2518 2990 de-

363 3026 744 3128 monstrari.
850 3091 857 3100 ,
909 3057 923 3092 ι

1206 3122 1484 3207 cap.
1534 3128 1618 3194 9.

906 3219 1039 3289 De
1077 3221 1431 3289 Aeneae
1472 3219 1973 3288 Penatibus,

580 3320 767 3402 Qud
804 3329 878 3388 ut
916 3330 1101 3389 recte
1139 3323 1283 3388 fieri
1319 3326 1578 3408 posset,
1620 3321 1918 3385 Aeneam
1945 3339 2073 3385 non
2117 3323 2335 3411 magis
2373 3327 2519 3422 pri-

376 3409 572 3486 vatos
616 3440 811 3504 suos,
855 3441 1044 3508 quam
1086 3425 1334 3490 Priami
1376 3428 1445 3488 et
1484 3423 1720 3510 regiae
1765 3421 1995 3487 domus
2037 3424 2333 3508 publicos
2378 3407 2519 3490 Pe-

374 3529 574 3588 nates
604 3523 845 3587 Troiae
884 3527 1093 3590 ruinis
1135 3542 1456 3591 servasse
1481 3523 1808 3622 debebant
1844 3523 2128 3590 tradere.
2217 3526 2306 3590 Hi
2349 3529 2520 3593 enim

376 3623 639 3691 demum
680 3630 997 3708 perpetua
1037 3628 1237 3693 Urbis
1294 3628 1405 3693 vel
1454 3628 1733 3692 excisae
1775 3628 1982 3692 tutela
2024 3630 2363 3716 imperium
2406 3630 2518 3693 fa-

375 3730 465 3794 tis
508 3727 744 3813 Populi
789 3728 1065 3793 Romani
1115 3731 1469 3795 maioribus
1539 3736 1879 3795 aeternum
1936 3727 2266 3813 spondere
2323 3736 2516 3812 pote-

380 3833 546 3893 raut.
643 3827 884 3913 ltaque
939 3827 1050 3893 alii
1116 3824 1435 3926 publicos
1474 3829 1765 3910 Penates
1835 3845 1880 3892 a
1923 3824 2180 3891 Pantho
2240 3827 2517 3893 Aeneae

382 3917 656 4012 profugo
701 3946 789 3993 ex
847 3944 1005 3993 arce
1063 3929 1298 3995 allatos
1360 3947 1519 3994 esse
1574 3928 1935 3994 narrabant
1991 3925 2267 4011 (Interp.
2324 3927 2512 3993 Lion.
2623 3971 2632 3976 κ

336 4025 479 4091 ad
507 4027 690 4115 Virg.
735 4031 900 4097 Aen.
942 4030 1067 4114 ΙΙΙ,
1108 4033 1270 4111 12..)
1356 4028 1626 4115 kContra
1682 4030 1893 4095 Varro
1947 4028 2248 4094 Aeneam
2295 4030 2517 4114 ipsum

381 4144 622 4193 arcea
665 4134 804 4195 suis
843 4139 1162 4219 occupata
1221 4151 1420 4200 sacra
1462 4132 1830 4199 abstulisse
1872 4135 2074 4193 autor·
2104 4128 2244 4192 fuit.
2319 4130 2520 4194 -Tan-

377 4237 519 4296 tum
577 4233 750 4295 enim
794 4231 995 4298 certe
1027 4252 1143 4300 ex·
1162 4236 1553 4325 fragmentis
1599 4230 1823 4300 Schol.
1868 4229 2107 4295 Veron.
2163 4226 2252 4292 ad
2302 4229 2384 4295 V.
2435 4232 2517 4295 A.

377 4329 470 4416 ΙΙ,
513 4331 650 4401 ⁷14
689 4321 989 4421 apparet.
1066 4335 1360 4460 Quocum
1372 4335 1677 4405 concinit
1700 4330 2367 4497 Dionysiieqarratio,
2407 4333 2522 4415 qui
