3119 5013
2354 342 2361 355 ⁶
2462 392 2592 459 1⁰5

463 549 637 612 tium‘
666 547 836 610 inter
892 535 1237 631 utramque
1292 546 1464 611 satis
1509 544 1817 633 magnum
1860 542 2163 632 patei-et?
2222 547 2349 630 Qui
2403 548 2596 616 deni·-

468 634 596 732 que
639 647 891 712 duobus
936 647 1254 727 aedificiis
1313 655 1515 713 totum
1566 649 1689 713 fori
1732 647 1907 714 latus
1951 649 2205 733 expleri
2248 650 2594 757 dicamus?

465 753 636 816 Nam
672 726 926 824 vestae
983 749 1286 836 templum
1345 753 1469 843 sub
1517 754 1733 837 ipsius
1778 751 2082 837 Capitolii
2137 753 2469 822 radicibus
2527 764 2596 825 et

462 853 692 918 infimo,
727 855 891 919 clivo
936 853 1300 939 Capitolino
1357 857 1553 934 situm
1601 856 1817 920 fuisse
1874 856 2064 920 nobis
2122 855 2395 957 quidem·
2434 878 2598 925 con-

456 963 620 1021 stat.
708 958 837 1022 Hic
873 959 1042 1021 enim
1085 955 1386 1037 Castoris
1433 943 1737 1042 templum
1790 965 1860 1022 et
1901 959 2211 1024 Iuturnae
2266 962 2415 1027 fons
2472 965 2592 1046 (cf.

467 1057 603 1124 Cic.
653 1061 735 1124 N.
778 1059 864 1125 D.
911 1059 1032 1140 111,
1077 1059 1150 1126 S.
1191 1047 1493 1132 Lactant.
1542 1059 1697 1125 Div.
1742 1060 1905 1127 Inst.
1948 1061 2013 1142 I,
2066 1065 2166 1130 10.
2223 1064 2415 1130 Dion.
2441 1068 2595 1135 Hal‘.

464 1160 579 1242 vl,
633 1136 731 1224 13.
773 1159 965 1227 ονῑᾱ.
1007 1161 1317 1238 Fast.11,
1358 1162 1516 1250 ³706.
1559 1164 1707 1227 mv.
1750 1161 1953 1245 I,-26.
1997 1151 2187 1250 pffip,
2231 1160 2357 1255 ιη,
2402 1170 2490 1232 22
2528 1176 2646 1262 et,

466 1279 635 1345 quae
679 1259 765 1324 ad
802 1264 954 1326 -eius
998 1262 1125 1327 loci
1180 1263 1781 1352 irgerpretationem
1824 1261 2599 1375 Germanicam-adnota-

462 1364 714 1441 vimus]
761 1364 865 1426 cui
923 1363 1196 1429 finitima
1257 1382 1344 1428 ex
1398 1362 1683 1428 adverso
1744 1362 1944 1429 Curia
1983 1367 2272 1436 Hostilia
2335 1372 2456 1451 (cf.
2512 1373 2600 1439 ad

461 1464 652 1548 Prop.
698 1454 814 1546 IV,
857 1465 922 1545 4,
967 1470 1027 1529 1.
1068 1462 1186 1546 IV,
1237 1469 1292 1546 l,
1335 1467 1440 1530 21.
1485 1464 1624 1529 coll.
1668 1464 1785 1547 IV,
1825 1467 1891 1548 4,
1937 1469 2079 1547 13.)
2165 1469 2361 1537 quta
2404 1494 2596 1559 quam

465 1566 533 1628 in
578 1568 862 1649 capite
919 1567 1086 1631 fori
1145 1585 1372 1632 carcer
1425 1568 1763 1633 Tullianus
1807 1569 2016 1649 (Hinc
2065 1571 2233 1639 Plut.
2296 1574 2433 1641 Cic.
2488 1581 2597 1645 22.

470 1664 700 1731 Cicero
746 1686 786 1730 a
820 1668 1092 1734 Paladio
1118 1671 1394 1733 veniens
1441 1667 1552 1732 διὰ
1582 1671 1699 1754 τῆς
1722 1665 1915 1756 ἱερᾶς
1940 1665 2117 1763 Ιὁδοῦ
2151 1671 2265 1739 κἀὶ
2291 1679 2409 1761 τῆς
2436 1671 2594 1764 ἆγο-
2712 1746 2719 1753 ,

467 1768 592 1854 ρᾶς
631 1769 836 1854 μέσης
879 1771 1314 1859 progreditur.
1402 1768 1716 1845 Διελθιὺν
1774 1770 1847 1836 δὲ
1889 1763 2006 1876 τῆᾆν
2044 1767 2296 1862 ’ἀγορὰν
2335 1777 2447 1845 καὶ
2489 1804 2596 1866 γε-

466 1863 742 1951 νόμενος
777 1870 949 1960 πρὸς
986 1870 1060 1937 τὸ
1096 1868 1591 1960 δεσμοτήριον).
1680 1873 1851 1956 Quid
1880 1875 2125 1963 igitur?
2161 1878 2453 1956 Dionem
2485 1903 2598 1950 er-

465 1990 704 2055 rasse,
759 1975 1130 2060 librosque,
1173 1975 1362 2041 unde·
1391 1995 1580 2041 suam
1622 1975 1977 2043 doctrinam
2020 1979 2308 2048 hauriret
2319 1984 2599 2066 ,‘vete-

404 2140 409 2143 ,
463 2077 558 2139 ris
598 2074 722 2140 loci
764 2077 960 2141 faciei
1001 2079 1122 2142 sub
1155 2079 1423 2162 imperio
1451 2076 1815 2165 Caesarum
1856 2080 2051 2145 valde
2077 2091 2366 2152 mutatae
2393 2091 2622 2177 igna-

459 2197 605 2242 rum
647 2180 861 2262 ipsum
889 2180 1060 2257 falso
1107 2183 1602 2265 interpretatum
1630 2182 1949 2247 Pontificii
1988 2198 2221 2252 nomen
2265 2207 2410 2279 cum
2433 2211 2599 2282 rege

469 2274 854 2341 Sacrificulo
916 2279 1298 2344 confudisse
1356 2277 1701 2346 dicamus?
1761 2281 2165 2379 Cogeremur
2216 2296 2435 2356 tamen
2488 2296 2598 2359 in—

464 2375 625 2453 -viti,
669 2376 800 2437 nisi
846 2375 1083 2438 homini
1127 2381 1344 2442 sobrio
1385 2386 1450 2442 et
1493 2379 1724 2445 sedulo
1771 2387 2179 2467 antiquitatis
2221 2385 2599 2483 investiga-

473 2474 601 2536 tori
645 2464 1039 2544 commodum
1090 2486 1504 2556 succurreret
1546 2479 1825 2547 Servius
1868 2485 1955 2550 ad
2011 2484 2186 2553 Aen,
2219 2492 2400 2578 VIII,
2436 2491 2614 2567 3632'
2673 2513 2686 2523 ‘

475 2577 584 2659 qui
628 2594 771 2641 cum
828 2578 1116 2659 „domus
1177 2567 1403 2645 enim“
1440 2586 1650 2668 inquit
1697 2589 1821 2668 „in
1867 2609 1995 2673 qua
2027 2593 2424 2664 Pontifex
2455 2590 2595 2669 ha·-

464 2673 670 2758 -bitat,
729 2672 965 2766 re'gia
1021 2678 1290 2763 dicitur,
1345 2683 1514 2767 quod
1576 2688 1644 2750 in
1700 2705 1782 2751 ea
1835 2708 1982 2753 rex
2036 2695 2595 2782 sacrificulus

467 2778 771 2845 habitare
813 2787 1270 2849 consuesset.“
1303 2824 1382 2834 -
1440 2795 1693 2868 tantum
1734 2784 1964 2872 abest,
2028 2804 2101 2866 ut
2147 2804 2598 2876 emendatione

463 2882 799 2971 indigeat,
832 2891 934 2949 vut
974 2889 1451 2971 antiquissimis
1511 2886 1908 2977 temporibus
1964 2900 2323 2970 indiscreta
2364 2903 2596 2977 Ponti-s·

380 3003 387 3010 ‘
463 2986 606 3049 ficis
668 2992 734 3050 et
776 2988 990 3074 Regis
1044 3008 1378 3056 sacrorum
1421 3012 1693 3061 munera
1745 3000 1959 3065 fuisse
2014 3001 2166 3070 hinc
2226 3007 2595 3100 doceamur,
2661 3066 2665 3074 ,

305 3067 311 3083 “
346 3109 350 3115 ·
467 3083 675 3148 donec
708 3089 790 3148 're
826 3088 1124 3152 Romana
1168 3089 1339 3154 domi
1374 3099 1449 3163 ¹et
1501 3094 1667 3160 foris
1721 3106 1914 3163 aucta
1955 3102 2262 3169 Pontifex
2304 3129 2593 3179 summus

443 3186 881 3270 ,reipublicae
907 3190 1225 3255 sacerdos
1254 3194 1591 3261 institutus
1621 3216 1833 3282 pauca
1864 3203 2069 3269 solum
2109 3209 2298 3275 modo
2344 3220 2411 3277 et
2441 3219 2594 3281 exi-

469 3305 605 3373 gua
647 3275 842 3353 sacra
883 3293 1059 3381 Regi
1099 3294 1500 3378 reliquisset.
1592 3297 1778 3379 Quod
1820 3310 1890 3369 ut
1930 3307 2079 3389 ipsa
2120 3323 2406 3399 augusta
2446 3320 2592 3383 Re-

467 3388 577 3473 gis
619 3390 963 3473 appellatio
1005 3394 1303 3465 indicare
1347 3402 1593 3484 possit,
1656 3405 1749 3468 ita
1787 3406 2044 3496 Regia,
2088 3433 2217 3497 qua
2260 3419 2368 3483 ille
2410 3422 2592 3487 Pon-

467 3490 623 3555 tifici
664 3496 908 3572 cessit,
966 3516 1206 3567 nomen
1233 3504 1534 3586 retinuit,
1592 3513 1664 3571 ut
1710 3512 1980 3595 antiqua
2036 3517 2247 3606 Regis
2310 3527 2592 3625 sagrifici

465 3592 728 3657 sedes,
781 3593 926 3676 Qua
968 3616 1042 3663 re
1086 3603 1323 3685 optime
1363 3604 1494 3671 Dio
1537 3616 1827 3677 veterum
1877 3614 2289 3695 historiarum
2333 3617 2591 3693 minime

463 3694 680 3778 rudis,
722 3698 1094 3786 Augustum
1131 3704 1510 3775 Pontificem
1549 3712 1640 3777 Μ.
1676 3726 2017 3802 postquam
2064 3724 2209 3807 ipse
2250 3728 2317 3794 in
2347 3730 2591 3811 palatio

467 3793 691 3861 domus
737 3788 903 3887 suae
962 3808 1210 3884 partem
1250 3808 1825 3898 inauguravisset,
1887 3838 2072 3884 suam
2123 3822 2375 3894 domum
2418 3828 2479 3914 h.
2528 3848 2587 3899 e.

466 3897 744 3984 Regiam
789 3892 907 3986 τὴν
932 3903 1070 3984 ’τοῦ
1109 3904 1434 3986 βασίλεως
1488 3916 1618 3977 τῶν
1666 3910 1859 4003 ἱερῶν
1913 3915 2164 4009 ρῖκησιν
2218 3934 2588 4019 contiguam

467 3997 717 4064 Vestae
756 4004 1141 4092 Virginibus
1189 4008 1494 4079 donasse.
1555 4015 1815 4104 „Itaque
1874 4026 2078 4089 totum
2122 4026 2376 4136 Sacrap
2422 4035 2587 4114 Viae

382 4180 397 4196 ἢ
467 4101 763 4185 cursum,
822 4113 1442 4198 quantum'quidem
1503 4118 1589 4182 ad
1644 4130 1932 4187 nostram
1986 4146 2253 4196 causam
2269 4115 2588 4230 &siff-tinet

465 4202 690 4283 certiS,
727 4205 917 4288 quain
959 4209 1100 4275 fieri
1141 4211 1317 4295 licet,
1357 4215 1666 4282 limitibus
1692 4217 2127 4306 definiemuS,
2174 4224 2434 4300 adiecta
2475 4242 2587 4300 ta-

462 4322 613 4395 men
663 4307 924 4389 tabula,
963 4312 1137 4378 unde
1181 4317 1421 4383 clarius
1467 4322 1699 4405 quibus
1743 4326 1942 4391 rebus
1993 4347 2035 4393 a
2078 4334 2359 4415 priorum
2402 4340 2583 4403 viro·
2617 4357 2618 4360 ’
