3119 5013
2427 431 2513 498 19

274 625 302 643 .
364 575 646 641 tuisse
691 552 942 638 adesse
968 573 1264 661 cogitur.
1345 573 1587 659 Neque
1613 616 1618 623 -
1645 576 1847 661 igitur
1883 574 2022 642 diis
2072 577 2509 647 medioxumis

358 679 533 742 sive
563 674 961 741 Semonibus
1005 673 1128 757 (de
1168 675 1407 787 quibus
1451 678 1728 762 optime,
1775 681 1848 742 ut
1881 678 2144 745 assolet
2184 680 2505 748 Klausen.

352 775 743 861 disputavit
783 779 849 843 in
889 777 1146 859 libello,
1194 774 1329 863 qui
1363 784 1470 843 est
1525 776 1613 843 de
1656 795 1855 844 carm.
1913 780 1995 844 fr.
2039 780 2200 844 A.rv
2258 801 2317 846 s.
2361 784 2468 848 fin.
2471 786 2554 865 )

366 878 899 972 adnumerandus
934 887 1075 962 est,
1117 897 1245 945 nec
1287 882 1702 947 consentium
1742 879 2036 947 Deorum
2077 882 2184 962 iis,
2229 884 2340 966 qui
2383 882 2512 949 hu-

364 984 547 1049 mani
597 983 794 1048 animi
852 982 1049 1047 alicui
1100 980 1305 1048 indoli
1359 986 1790 1067 praeessent,
1850 997 2129 1065 eamque
2184 982 2250 1045 in
2305 983 2515 1049 tutela

364 1081 725 1167 haberent,
769 1083 895 1149 sed
939 1090 1010 1149 ut
1044 1085 1182 1147 iam
1223 1083 1545 1163 vidimus,
1590 1089 1658 1147 et
1700 1089 1886 1148 recte
1927 1081 2195 1149 Seneca
2235 1100 2338 1167 θρ.
2386 1086 2515 1150 110

362 1186 680 1269 affirmat,
728 1184 930 1251 aeriis
994 1184 1120 1251 diis
1177 1186 1342 1268 illis,
1401 1186 1570 1269 quos
1623 1183 1709 1250 de
1762 1184 1957 1270 plebe
1998 1184 2187 1250 Deos
2235 1183 2513 1251 Ovidius

357 1295 578 1354 vocat.
666 1289 878 1353 Nam
883 1286 1222 1353 semonum
1246 1303 1538 1370 munere,
1583 1305 1832 1370 eorum,
1875 1289 1986 1373 qui
2031 1286 2357 1352 hominum
2403 1285 2513 1351 di-

356 1372 578 1455 versis
624 1393 879 1456 naturis
939 1398 1008 1456 et
1062 1393 1349 1478 negotiis
1410 1395 1840 1475 praeessent,
1897 1391 2094 1454 etiam
2151 1395 2509 1455 consentes

356 1491 548 1557 Deos
592 1495 688 1556 ita
728 1494 952 1580 fungi,
1014 1499 1097 1559 ut
1121 1511 1255 1578 qua
1299 1494 1583 1578 quisque
1623 1491 1844 1557 indole
1883 1493 2167 1557 maxime
2224 1492 2515 1573 excellit,

363 1609 451 1657 ea
497 1595 579 1657 ab
622 1592 901 1658 humana
945 1601 1184 1659 natura
1223 1598 1525 1659 seiuncta
1566 1597 1632 1659 in
1659 1594 2016 1660 coelestem
2059 1592 2352 1659 ordinem
2395 1612 2511 1658 re-

240 1746 251 1759 ..
360 1693 652 1773 feratur,
700 1693 964 1773 MartiS,
1006 1693 1289 1757 Junonis
1305 1740 1326 1774 ,
1387 1693 1493 1756 all.
1543 1677 1849 1778 exempla
1906 1692 2178 1771 docent,
2239 1706 2511 1776 quorum

357 1792 471 1857 illc
495 1794 735 1856 mentis
780 1784 1138 1876 praecipue
1180 1792 1386 1856 virilis
1418 1792 1754 1871 ferociam,
1797 1790 1965 1855 haec
1990 1792 2336 1855 Romanae
2365 1808 2514 1853 ma·-

355 1900 595 1960 tronae
638 1895 1055 1959 maiestatem
1097 1894 1527 1981 significaret,
1572 1894 1802 1960 Venus
1848 1898 2067 1958 autem
2108 1909 2359 1956 omnem
2384 1909 2515 1956 na-

354 2003 547 2063 turae
594 1996 1061 2062 amabilitatem
1126 2003 1193 2061 et
1234 1995 1500 2080 lepores
1548 1997 1932 2061 contineret.
2019 1993 2258 2089 Itaque
2317 2010 2512 2079 quum

354 2099 628 2168 Seneca
683 2099 725 2165 1.
760 2099 820 2164 l.
868 2098 1150 2187 singulis
1195 2098 1563 2166 hominibus
1607 2106 1693 2163 et
1735 2097 2014 2165 Genium
2072 2103 2142 2164 et
2181 2098 2512 2165 Junonem

220 2226 241 2233 ·
355 2199 624 2266 additos
671 2206 830 2265 ess‘e
865 2201 1002 2283 ait,
1052 2200 1326 2265 alterum
1372 2202 1653 2264 animum
1696 2201 1912 2284 ipsum
1970 2219 2011 2262 ι
2016 2200 2154 2263 itae
2210 2200 2511 2264 comitem

354 2284 852 2387 custodemque,
893 2301 1168 2366 alteram
1211 2304 1630 2366 maiestatem
1673 2298 1885 2366 a'nimo
1931 2303 2221 2365 innatam
2263 2300 2510 2365 intelli-

355 2405 598 2493 gimus,
688 2402 941 2489 Quodsi
978 2404 1257 2489 feminas
1303 2422 1435 2467 non
1477 2421 1599 2487 per
1644 2399 1921 2466 Genium
1965 2423 2157 2466 suum
2195 2403 2321 2466 sed
2364 2418 2511 2485 per

357 2502 764 2565 Junonem
807 2518 1034 2563 suam
1075 2502 1293 2563 iurare
1324 2492 1904 2566 animadvertimus
1938 2500 2076 2581 [Cf.
2109 2503 2278 2565 enim
2307 2519 2511 2586 prae-

362 2606 464 2665 ter
502 2600 758 2665 Muller.
803 2598 844 2664 l.
892 2600 932 2664 1.
976 2600 1200 2664 Burm.
1241 2600 1324 2664 ad
1368 2601 1635 2666 Petron.
1677 2601 1784 2666 25.
1831 2600 2104 2666 Dissen.
2145 2601 2233 2664 ad
2276 2603 2509 2667 Tibull.

356 2697 501 2783 111,
538 2705 605 2784 6,
648 2702 757 2768 48.
804 2700 1099 2769 Schmid.
1151 2701 1236 2766 ad
1279 2703 1441 2769 Hor.
1491 2705 1683 2787 epist.
1721 2700 1823 2785 11,
1870 2705 1945 2784 1,
1993 2699 2133 2765 144.
2177 2702 2369 2787 vulp.
2426 2703 2512 2768 ad

320 2793 591 2870 ,TibulL
627 2802 749 2887 111,
793 2803 1050 2892 6,,15),
1091 2824 1219 2869 ιιοιι
1264 2800 1438 2891 quod
1479 2803 1681 2894 vulgo
1726 2802 1879 2871 hinc
1923 2799 2275 2893 colligitur,
2319 2808 2514 2891 sequi*
2585 2817 2592 2821 ’

356 2904 692 2987 existimo,
733 2910 841 2987 ut,
885 2904 999 2989 qui
1046 2906 1328 2970 virorum
1372 2902 1623 2969 Genius
1671 2903 1907 2970 eadem
1949 2906 2287 2971 mulierum
2327 2906 2506 2972 Jnno

353 2995 583 3072 fuerit:
642 3010 836 3092 quasi
877 3013 995 3073 aut
1038 3005 1160 3073 tiri
1197 3009 1442 3073 nullam
1483 3008 1814 3073 Junonem
1871 3014 1987 3073 aut
2028 3008 2336 3073 mulieres
2380 3027 2509 3073 non
2571 3071 2574 3074 Α

342 3109 554 3171 -etiam
596 3126 718 3198 per
760 3110 927 3174 alios
975 3108 1141 3175 deos
1198 3131 1362 3177 suos
1394 3112 1639 3214 iurare
1700 3113 2067 3197 potuerint,
2117 3109 2202 3176 ut
2249 3116 2359 3176 est
2401 3128 2506 3197 ap.

354 3207 587 3271 ΤὶὶιιιΠ.
631 3207 749 3293 IV,
789 3210 1055 3294 13,15·

777 3365 890 3420 Em
923 3380 1117 3431 perque
1144 3381 1277 3418 euos
1294 3364 1493 3432 fallam
1521 3364 1725 3418 iuravit
1760 3311 1951 3416 ocellus
2083 3409 2090 3420 ,

898 3449 1365 3519 Juuonemque
1398 3465 1475 3502 au
1491 3465 1591 3500 am
1630 3464 1824 3517 perque
1851 3462 2050 3499 suam
2097 3442 2440 3501 Venerem.

190 3561 235 3628 ἰ
357 3587 501 3659 Sed
544 3586 671 3656 hoc
714 3588 940 3676 utique
983 3585 1296 3685 colligere
1340 3603 1409 3662 et
1442 3595 1601 3664 licet
1642 3596 1712 3661 et
1748 3610 2036 3692 necesse
2076 3601 2204 3677 est,
2245 3601 2319 3660 ut
2360 3615 2512 3659 mu·-

355 3689 584 3760 lierum
616 3696 873 3759 animus
907 3696 1122 3761 multis
1166 3697 1377 3764 modis
1419 3700 1610 3764 virili
1631 3699 1904 3764 inferior
1941 3711 2028 3761 ne
2071 3694 2314 3786 dignus
2358 3699 2511 3781 qui-

358 3796 502 3862 dem
545 3798 834 3864 creditus
879 3791 1012 3881 sit,
1051 3800 1161 3882 qui
1201 3816 1319 3884 pro
1355 3802 1620 3866 tutelari
1660 3799 1771 3866 illo
1827 3804 1897 3865 et
1936 3797 2267 3863 humanae
2309 3801 2512 3860 natu-

359 3897 476 3962 rae
518 3897 943 3987 caeteroquin
1005 3903 1328 3966 communi
1374 3906 1634 3980 numine
1689 3905 1887 3968 vivus
1950 3908 2020 3965 et
2077 3902 2226 3983 ipse
2290 3899 2510 3962 divino

357 3995 606 4065 honore
649 4011 1024 4092 augeretur.
1114 4001 1353 4087 ltaque
1383 4002 1512 4092 illis
1550 4005 1728 4071 Juno
1761 4011 1828 4070 et
1855 4003 2086 4070 Venus
2123 4005 2191 4065 et
2233 4001 2295 4063 si
2340 4015 2512 4083 quae

363 4100 536 4165 aliae
591 4103 1045 4173 medioxumae
1103 4101 1302 4171 divae
1373 4101 1692 4186 aderant,
1743 4104 1869 4170 has
1930 4118 2129 4169 suas
2188 4099 2514 4177 colebant,

356 4201 475 4286 per
531 4201 657 4268 has
702 4206 1040 4290 iurabant,
1095 4195 1222 4272 has
1282 4205 1602 4292 propitias
1657 4207 1783 4272 sibi
1835 4207 2169 4292 optabunt.
2225 4202 2516 4284 ‘Quam-

356 4322 553 4388 quam
598 4305 727 4373 hoc
764 4325 893 4375 non
935 4309 1375 4396 infitiandum,
1415 4311 1748 4376 Junonem
1790 4307 2134 4375 Romanae
2174 4316 2517 4373 matronae

2016 4411 2063 4475 2
2084 4410 2134 4476 θ’,
