3119 5013
686 348 689 349 γ
765 338 770 359 1
792 322 797 329 ἡ

512 500 529 511 η..

612 557 915 642 cupidine
960 559 1095 623 nati
1158 558 1287 623 iam
1321 557 1607 624 nudaret
1652 560 1935 647 incomta
1973 563 2070 626 rei
2116 564 2530 650 expositione
2570 570 2755 641 refu-‹-
2805 650 2822 657 l

612 665 942 741 laventur,
996 661 1289 745 lectores
1325 663 1573 726 frustra
1618 660 1915 726 detinere
1957 682 2212 748 opusve
2267 669 2333 731 in
2378 671 2758 738 immensum

498 817 505 821 ,
580 781 863 850 ἱειιιεε-ςςῑιᾞ
905 764 1244 828 noluimus.
1333 764 1652 845 Quoniam
1692 770 1909 829 autem
1953 763 2078 829 hoc
2118 773 2410 834 nostrum
2438 772 2562 838 fuit
2596 793 2760 839 con-

611 864 857 943 silium,
913 861 981 943 hi
1038 862 1498 949 disputationis
1548 869 1818 929 nostrae
1862 863 2028 928 fines
2072 869 2441 952 constituti,
2496 880 2567 939 ut
2609 876 2761 959 qui-

612 984 869 1050 cunque
918 971 1211 1029 ueterum
1254 968 1642 1049 scriptorum
1684 966 1868 1030 locus
1914 966 2166 1032 illorum
2204 973 2527 1036 nominum
2572 994 2760 1041 men-

612 1072 853 1133 tionem
898 1067 1190 1148 inferret,
1230 1068 1327 1130 ita
1357 1067 1441 1131 ab
1485 1066 1680 1130 huius
1726 1068 1971 1133 aetatis
2001 1050 2367 1137 hominihus
2399 1079 2757 1163 teneretur,

601 1176 684 1233 ·ut
727 1187 769 1232 a
811 1169 1125 1231 Romanis
1166 1158 1334 1250 ipsis
1379 1165 1703 1249 quondam
1743 1167 2140 1235 intellectum
2185 1176 2342 1236 es'se
2381 1191 2527 1238 eum
2571 1180 2756 1243 arbi-

612 1277 966 1348 traremur,
1021 1267 1415 1348 fabularum,
1475 1284 1643 1350 quas
1684 1271 2071 1350 percensuri
2113 1289 2374 1352 sumus,
2434 1274 2756 1341 obscura-

613 1390 753 1435 rum
780 1370 1186 1452 ,saepissime
1226 1366 2117 1453 et-dissonantibusxaliarum
2143 1374 2553 1457 argumentis
2591 1393 2755 1440 con-

610 1476 904 1538 fusarum
950 1486 1194 1532 causas
1240 1475 1307 1532 et
1354 1465 1836 1555 ‘quodammodo
1880 1458 2246 1533 sententias
2303 1477 2578 1538 eatenus
2636 1493 2757 1540 so-

609 1578 740 1639 lum
789 1580 1069 1660 tangere
1112 1572 1465 1651 voluimuS,
1514 1576 1840 1654 quatenus
1885 1569 1970 1634 ad
2012 1570 2439 1637 illustrandas
2465 1575 2757 1663 religio·
2787 1622 2830 1661 ,Δ

506 1674 511 1677 ’
610 1698 733 1743 nes
770 1697 941 1762 quae
981 1683 1134 1742 tunc
1175 1676 1435 1761 quidem
1480 1693 1685 1740 verae
1726 1682 1961 1741 essent
2004 1674 2268 1742 habrae
2311 1679 2611 1745 conferre
2653 1683 2757 1747 ri-

611 1783 938 1851 derentur.
1030 1778 1201 1861 Quid
1246 1781 1415 1843 enim
1459 1780 1527 1843 in
1571 1780 1656 1843 iis
1701 1796 1904 1843 verae
1940 1777 2254 1844 historiae
2294 1781 2404 1862 sit,
2449 1801 2576 1864 quo
2616 1785 2760 1849 iure

607 1884 889 1950 Romani
920 1902 1080 1948 suos
1107 1882 1270 1947 deos
1299 1902 1452 1947 ·cum
1475 1884 1873 1967 peregriniS,
1917 1878 2198 1944 Graecis
2225 1884 2531 1962 maxime,
2576 1902 2760 1948 com-.-

609 1987 983 2072 posuerint,
1039 1983 1193 2066 quid
1251 1983 1526 2047 Italicae
1581 1983 1893 2065 originiS,
1953 1978 2109 2062 quid
2153 1983 2570 2049 extrinsecus
2629 1987 2759 2052 ad-

609 2088 916 2163 mixtum,
977 2088 1093 2146 aut
1131 2083 1241 2164 qui
1284 2081 1528 2144 sactum
1573 2080 1702 2157 sit,
1762 2084 1833 2141 ut
1890 2083 2025 2142 tam
2078 2077 2457 2171 facile-‘iam
2509 2083 2760 2168 pridem

612 2185 1124 2261 admisceretur,
1169 2179 1337 2244 haec
1382 2180 1598 2243 omnia
1641 2177 1935 2242 infinitae
1975 2195 2191 2261 paene
2230 2185 2547 2248 materiae
2593 2205 2759 2269 opus

612 2286 980 2369 disquirere
1020 2299 1233 2366 neque
1275 2280 1468 2344 huius
1508 2280 1637 2344 loci
1681 2296 1840 2344 esse
1877 2296 2092 2363 neque
2118 2287 2488 2347 nostrarum
2525 2288 2760 2351 virium

614 2388 1008 2455 censuimus.
1097 2382 1320 2464 Quare
1360 2383 1819 2448 lubentissime
1882 2381 2009 2448 hac
2051 2386 2408 2469 prouincia
2432 2390 2759 2453 cessimus

564 2527 579 2538 0
611 2489 997 2570 KlauseniO,
1036 2489 1215 2570 viro,
1275 2489 1342 2552 in
1389 2503 1515 2572 quo
1561 2485 1857 2553 doctrina
1899 2485 2378 2552 reconditarum
2421 2491 2763 2588 utriusque

612 2595 834 2683 gentis
878 2592 1243 2657 fabularum
1285 2588 1624 2675 profunda
1652 2591 2011 2677 sagacitati
2050 2593 2246 2655 animi
2289 2598 2535 2674 certat,
2588 2596 2762 2659 satis

611 2713 734 2758 nos
779 2709 1023 2777 operae
1063 2693 1343 2775 pretium
1402 2691 1655 2756 feci-sse
1698 2692 1867 2768 rati,
1918 2691 1982 2753 si
2025 2707 2197 2772 quae
2236 2708 2277 2753 a
2318 2692 2636 2756 Romanis
2681 2711 2763 2756 eo

615 2803 907 2878 tempore
923 2839 967 2872 ,.
990 2791 1166 2855 unde
1192 2819 1195 2822 ¹
1207 2792 1484 2875 plurima
1520 2791 1906 2853 litterarum
1927 2796 2337 2854 monumenta
2380 2793 2762 2857 immortali-

616 2901 759 2959 tate
796 2895 1000 2979 digna,
1042 2889 1128 2953 ad
1157 2895 1451 2953 nostram
1491 2893 1777 2954 aetatem
1820 2889 2292 2969 pertinuerunt,
2336 2905 2528 2970 quum
2561 2890 2761 2978 vulgo

616 2988 867 3056 credita
907 2996 1040 3054 tum
1080 2987 1357 3071 publicis
1403 2987 1723 3050 institutis
1763 2992 2032 3069 recepta
2080 2986 2359 3067 suerint,
2411 2988 2762 3077 diligenter

528 3105 539 3128 ⁸
619 3110 912 3157 excussa
956 3090 1452 3177 collegerimuS,
1494 3095 1568 3152 ut
1612 3090 1881 3186 augusti
1924 3090 2116 3171 quasi
2156 3089 2496 3155 cuiusdam
2541 3095 2762 3179 templi

616 3200 949 3261 vetustate
995 3193 1271 3276 collapsi
1313 3192 1611 3277 vestigia
1653 3191 1784 3254 situ
1830 3184 1899 3253 et
1949 3189 2296 3256 ruderibus
2353 3195 2762 3261 saeculorum

616 3303 900 3384 purgata
922 3301 1286 3380 sequentes
1331 3311 1568 3360 novum
1598 3289 2067 3388 quodammodo
2096 3275 2460 3369 aedilicium
2503 3300 2762 3380 pristini

617 3396 704 3460 ad
747 3399 960 3460 instar
1006 3402 1518 3458 exsti-ueremus.
1609 3391 1753 3471 Qua
1800 3394 1867 3455 in
1911 3411 1985 3454 re
2014 3391 2185 3456 idem
2213 3395 2402 3460 nobis
2448 3402 2757 3464 euenisse
2818 3391 2824 3397 ’
2943 3470 2962 3485 ,

619 3498 982 3577 sensimuS,
1055 3494 1226 3578 quod
1282 3495 1693 3576 antiquitatis
1754 3501 2165 3560 monumenta
2235 3501 2778 3563 restam-antibus-

617 3601 817 3687 vulgo
861 3598 1163 3665 accidere
1206 3600 1410 3680 solet,
1480 3604 1553 3681 ut
1616 3600 1790 3666 aliae
1831 3607 2056 3683 partes
2099 3606 2450 3685 temporum
2506 3604 2757 3666 iniuriis

583 3704 880 3767 'nimium
922 3702 1261 3767 consectae
1325 3703 1814 3768 restitutionem
1861 3722 2132 3785 prorsus
2187 3709 2533 3786 respuant,
2586 3704 2759 3769 aliae

617 3803 957 3868 veteribus
1019 3802 1414 3887 fragmentis
1438 3805 1443 3814 ‘
1471 3819 1617 3865 cum
1680 3801 2021 3887 diligentia
2075 3803 2365 3866 collectis
2432 3809 2499 3866 et
2555 3808 2758 3878 sartis

620 3905 888 3968 sormam
924 3903 1103 3966 illam
1153 3902 1411 3985 quidem
1453 3906 1788 3987 antiquam
1829 3912 1897 3969 et
1939 3922 2165 3970 veram
2207 3901 2519 3985 reddant,
2575 3925 2757 3972 com-

619 4023 862 4091 pagum
902 4020 1064 4068 vero
1113 4005 1429 4068 scissuris
1483 4011 1549 4068 et
1604 4008 1967 4092 incongrua
2008 4004 2290 4069 colorum
2348 4003 2761 4075 dissimilitu-

622 4105 775 4169 dine
816 4107 1140 4190 ingratum
1194 4106 1562 4188 praebeant
1622 4114 1996 4190 aspectum,
2058 4125 2310 4191 paucae
2364 4109 2760 4190 solummodo

621 4213 690 4272 et
728 4208 795 4270 in
819 4207 1051 4290 quibus
1091 4207 1452 4272 elaboranti
1482 4211 1745 4273 minima
1783 4211 2176 4288 inventionis
2219 4210 2540 4291 lauserit,
2575 4207 2761 4297 pri‘s-

616 4309 818 4372 tinum
863 4308 1273 4392 splendorem
1317 4313 1752 4377 servaverint.
1840 4313 2080 4380 Verum
2126 4311 2426 4395 quoniam
2472 4297 2755 4382 investi·
2816 4327 2818 4330 ’
